%% This BibTeX bibliography file was created using BibDesk.
%% http://bibdesk.sourceforge.net/


%% Created for Martin Swientek at 2014-07-24 22:19:42 +0200 


%% Saved with string encoding Unicode (UTF-8) 



@incollection{Haesen:2008ve,
	Author = {Haesen, Raf and Snoeck, Monique and Lemahieu, Wilfried and Poelmans, Stephan},
	Booktitle = {Advanced Information Systems Engineering},
	Date-Added = {2014-07-24 20:19:36 +0000},
	Date-Modified = {2014-07-24 20:19:36 +0000},
	Doi = {10.1007/978-3-540-69534-9_29},
	Editor = {Bellahs{\`e}ne, Zohra and L{\'e}onard, Michel},
	Isbn = {978-3-540-69533-2},
	Keywords = {granularity; service oriented architecture; component based development; architectural qualities; impact analysis},
	Pages = {375-389},
	Publisher = {Springer Berlin Heidelberg},
	Series = {Lecture Notes in Computer Science},
	Title = {On the Definition of Service Granularity and Its Architectural Impact},
	Url = {http://dx.doi.org/10.1007/978-3-540-69534-9_29},
	Volume = {5074},
	Year = {2008},
	Bdsk-Url-1 = {http://dx.doi.org/10.1007/978-3-540-69534-9_29}}

@article{Bauer:2008fk,
	Author = {Bauer, D. and Garces-Erice, L. and Rooney, S. and Scotton, P.},
	Date-Added = {2014-07-24 20:19:24 +0000},
	Date-Modified = {2014-07-24 20:19:24 +0000},
	Doi = {10.1147/sj.472.0237},
	Issn = {0018-8670},
	Journal = {IBM Systems Journal},
	Number = {2},
	Pages = {237-250},
	Title = {Toward scalable real-time messaging},
	Volume = {47},
	Year = {2008},
	Bdsk-Url-1 = {http://dx.doi.org/10.1147/sj.472.0237}}

@inproceedings{Garces-Erice:2009kx,
	Author = {Garces-Erice, L.},
	Booktitle = {Computer Software and Applications Conference, 2009. COMPSAC '09. 33rd Annual IEEE International},
	Date-Added = {2014-07-24 20:19:16 +0000},
	Date-Modified = {2014-07-24 20:19:16 +0000},
	Doi = {10.1109/COMPSAC.2009.119},
	Issn = {0730-3157},
	Keywords = {Java;Web services;application program interfaces;business data processing;middleware;real-time systems;software architecture;J2EE;JMS API;Java messaging service;business process;enterprise service bus;lightweight messaging middleware stack;real-time ESB;real-time SOA methodology;service-oriented architecture;Application software;Buildings;Computer applications;Computer architecture;Java;Laboratories;Middleware;Protocols;Sensor phenomena and characterization;Service oriented architecture;ESB;JMS;SOA;messaging;middleware;real-time},
	Pages = {79-84},
	Title = {Building an Enterprise Service Bus for Real-Time SOA: A Messaging Middleware Stack},
	Volume = {2},
	Year = {2009},
	Bdsk-Url-1 = {http://dx.doi.org/10.1109/COMPSAC.2009.119}}

@inproceedings{Benosman:2012zr,
	Author = {Benosman, R. and Albrieux, Y. and Barkaoui, K.},
	Booktitle = {Service-Oriented Computing and Applications (SOCA), 2012 5th IEEE International Conference on},
	Date-Added = {2014-07-24 20:19:09 +0000},
	Date-Modified = {2014-07-24 20:19:09 +0000},
	Doi = {10.1109/SOCA.2012.6449435},
	Keywords = {multiprocessing systems;parallel processing;service-oriented architecture;SOA-based software architecture;business application integration;distributed environment;enterprise service bus;heterogeneous environment;massively parallel ESB-oriented architecture;multicore technology;multiprocessor technology;Computer architecture;Demultiplexing;Encryption;IP networks;Message systems;Software;ESB-Oriented Architecture;Massively Parallel Processing;Multithreading;Performance Evaluation},
	Pages = {1-4},
	Title = {Performance evaluation of a massively parallel ESB-oriented architecture},
	Year = {2012},
	Bdsk-Url-1 = {http://dx.doi.org/10.1109/SOCA.2012.6449435}}

@inproceedings{Zhuang:2012qf,
	Author = {Zhenyun Zhuang and Yao-Min Chen},
	Booktitle = {Cloud Computing (CLOUD), 2012 IEEE 5th International Conference on},
	Date-Added = {2014-07-24 20:19:00 +0000},
	Date-Modified = {2014-07-24 20:19:00 +0000},
	Doi = {10.1109/CLOUD.2012.136},
	Issn = {2159-6182},
	Keywords = {Java;business data processing;cloud computing;electronic messaging;performance evaluation;JMS container design;JMS performance;Java EE open standard;Java Enterprise Edition;Java Message Service;Java-based business application;business-oriented service;cloud computing;cloud deployment;cloud environment;cloud-based application server;messaging technology;performance evaluation;Cloud computing;Home appliances;Java;Performance evaluation;Reliability;Servers;Throughput;Cloud Computing; Application Server; JMS; Weblogic},
	Pages = {828-835},
	Title = {Optimizing JMS Performance for Cloud-Based Application Servers},
	Year = {2012},
	Bdsk-Url-1 = {http://dx.doi.org/10.1109/CLOUD.2012.136}}

@article{Habich:kl,
	Author = {Habich, D. and Richly, S. and Preissler, S. and Grasselt, M. and Lehner, W. and Maier, A.},
	Date-Added = {2014-07-24 20:18:50 +0000},
	Date-Modified = {2014-07-24 20:18:50 +0000},
	Journal = {Emerging Web Services Technology},
	Pages = {111--128},
	Title = {{{BPEL-DT -- Data-Aware Extension of BPEL to Support Data-Intensive Service Applications}}},
	Volume = {2},
	Year = {2007},
	Bdsk-File-1 = {YnBsaXN0MDDUAQIDBAUGJCVYJHZlcnNpb25YJG9iamVjdHNZJGFyY2hpdmVyVCR0b3ASAAGGoKgHCBMUFRYaIVUkbnVsbNMJCgsMDxJXTlMua2V5c1pOUy5vYmplY3RzViRjbGFzc6INDoACgAOiEBGABIAFgAdccmVsYXRpdmVQYXRoWWFsaWFzRGF0YV8QaS4uLy4uLy4uLy4uLy4uL0RvY3VtZW50cy9QYXBlcnMvSGFiaWNoL0JQRUwtRFQtZGF0YS1hd2FyZSBleHRlbnNpb24gb2YgQlBFTCB0byBzdXBwb3J0IGRhdGEtaW50ZW5zaXZlLnBkZtIXCxgZV05TLmRhdGFPEQJSAAAAAAJSAAIAAAxNYWNpbnRvc2ggSEQAAAAAAAAAAAAAAAAAAADOl7nTSCsAAAAQwf4fQlBFTC1EVC1kYXRhLWF3YXJlIGUjMTBDMjAyLnBkZgAAAAAAAAAAAAAAAAAAAAAAAAAAAAAAAAAAAAAAAAAAABDCAsZz8D4AAAAAAAAAAAAFAAQAAAkgAAAAAAAAAAAAAAAAAAAABkhhYmljaAAQAAgAAM6Xq8MAAAARAAgAAMZz1B4AAAABABQAEMH+ABC/swAI+d4ACPndAAJkjgACAFhNYWNpbnRvc2ggSEQ6VXNlcnM6AG1zd2llbnRlOgBEb2N1bWVudHM6AFBhcGVyczoASGFiaWNoOgBCUEVMLURULWRhdGEtYXdhcmUgZSMxMEMyMDIucGRmAA4AhgBCAEIAUABFAEwALQBEAFQALQBkAGEAdABhAC0AYQB3AGEAcgBlACAAZQB4AHQAZQBuAHMAaQBvAG4AIABvAGYAIABCAFAARQBMACAAdABvACAAcwB1AHAAcABvAHIAdAAgAGQAYQB0AGEALQBpAG4AdABlAG4AcwBpAHYAZQAuAHAAZABmAA8AGgAMAE0AYQBjAGkAbgB0AG8AcwBoACAASABEABIAaVVzZXJzL21zd2llbnRlL0RvY3VtZW50cy9QYXBlcnMvSGFiaWNoL0JQRUwtRFQtZGF0YS1hd2FyZSBleHRlbnNpb24gb2YgQlBFTCB0byBzdXBwb3J0IGRhdGEtaW50ZW5zaXZlLnBkZgAAEwABLwAAFQACAA///wAAgAbSGxwdHlokY2xhc3NuYW1lWCRjbGFzc2VzXU5TTXV0YWJsZURhdGGjHR8gVk5TRGF0YVhOU09iamVjdNIbHCIjXE5TRGljdGlvbmFyeaIiIF8QD05TS2V5ZWRBcmNoaXZlctEmJ1Ryb290gAEACAARABoAIwAtADIANwBAAEYATQBVAGAAZwBqAGwAbgBxAHMAdQB3AIQAjgD6AP8BBwNdA18DZANvA3gDhgOKA5EDmgOfA6wDrwPBA8QDyQAAAAAAAAIBAAAAAAAAACgAAAAAAAAAAAAAAAAAAAPL}}

@conference{Habich:2007ij,
	Author = {Habich, D. and Richly, S. and Grasselt, M.},
	Booktitle = {IEEE International Conference on Web Services, 2007. ICWS 2007},
	Date-Added = {2014-07-24 20:18:39 +0000},
	Date-Modified = {2014-07-24 20:18:39 +0000},
	Pages = {976--983},
	Title = {{{Data-Grey-Box Web Services in Data-Centric Environments}}},
	Year = {2007},
	Bdsk-File-1 = {YnBsaXN0MDDUAQIDBAUGJCVYJHZlcnNpb25YJG9iamVjdHNZJGFyY2hpdmVyVCR0b3ASAAGGoKgHCBMUFRYaIVUkbnVsbNMJCgsMDxJXTlMua2V5c1pOUy5vYmplY3RzViRjbGFzc6INDoACgAOiEBGABIAFgAdccmVsYXRpdmVQYXRoWWFsaWFzRGF0YV8QYS4uLy4uLy4uLy4uLy4uL0RvY3VtZW50cy9QYXBlcnMvSGFiaWNoL0RhdGEtR3JleS1Cb3hXZWIgU2VydmljZXMgaW4gRGF0YS1DZW50cmljIEVudmlyb25tZW50cy5wZGbSFwsYGVdOUy5kYXRhTxECOgAAAAACOgACAAAMTWFjaW50b3NoIEhEAAAAAAAAAAAAAAAAAAAAzpe500grAAAAEMH+H0RhdGEtR3JleS1Cb3hXZWIgU2VyIzEwQzIwRS5wZGYAAAAAAAAAAAAAAAAAAAAAAAAAAAAAAAAAAAAAAAAAAAAQwg7GirDRAAAAAAAAAAAABQAEAAAJIAAAAAAAAAAAAAAAAAAAAAZIYWJpY2gAEAAIAADOl6vDAAAAEQAIAADGipSxAAAAAQAUABDB/gAQv7MACPneAAj53QACZI4AAgBYTWFjaW50b3NoIEhEOlVzZXJzOgBtc3dpZW50ZToARG9jdW1lbnRzOgBQYXBlcnM6AEhhYmljaDoARGF0YS1HcmV5LUJveFdlYiBTZXIjMTBDMjBFLnBkZgAOAHYAOgBEAGEAdABhAC0ARwByAGUAeQAtAEIAbwB4AFcAZQBiACAAUwBlAHIAdgBpAGMAZQBzACAAaQBuACAARABhAHQAYQAtAEMAZQBuAHQAcgBpAGMAIABFAG4AdgBpAHIAbwBuAG0AZQBuAHQAcwAuAHAAZABmAA8AGgAMAE0AYQBjAGkAbgB0AG8AcwBoACAASABEABIAYVVzZXJzL21zd2llbnRlL0RvY3VtZW50cy9QYXBlcnMvSGFiaWNoL0RhdGEtR3JleS1Cb3hXZWIgU2VydmljZXMgaW4gRGF0YS1DZW50cmljIEVudmlyb25tZW50cy5wZGYAABMAAS8AABUAAgAP//8AAIAG0hscHR5aJGNsYXNzbmFtZVgkY2xhc3Nlc11OU011dGFibGVEYXRhox0fIFZOU0RhdGFYTlNPYmplY3TSGxwiI1xOU0RpY3Rpb25hcnmiIiBfEA9OU0tleWVkQXJjaGl2ZXLRJidUcm9vdIABAAgAEQAaACMALQAyADcAQABGAE0AVQBgAGcAagBsAG4AcQBzAHUAdwCEAI4A8gD3AP8DPQM/A0QDTwNYA2YDagNxA3oDfwOMA48DoQOkA6kAAAAAAAACAQAAAAAAAAAoAAAAAAAAAAAAAAAAAAADqw==}}

@inproceedings{Wichaiwong:2007oq,
	Address = {Washington, DC, USA},
	Author = {Tanakorn Wichaiwong and Chuleerat Jaruskulchai},
	Booktitle = {NWESP '07: Proceedings of the Third International Conference on Next Generation Web Services Practices},
	Date-Added = {2014-07-24 20:18:18 +0000},
	Date-Modified = {2014-07-24 20:18:18 +0000},
	Doi = {http://dx.doi.org/10.1109/NWESP.2007.6},
	Isbn = {0-7695-3022-2},
	Keywords = {performance optimization, Webservices},
	Pages = {43--48},
	Publisher = {IEEE Computer Society},
	Title = {{{A Simple Approach to Optimize Web Services' Performance}}},
	Year = {2007},
	Bdsk-File-1 = {YnBsaXN0MDDUAQIDBAUGJCVYJHZlcnNpb25YJG9iamVjdHNZJGFyY2hpdmVyVCR0b3ASAAGGoKgHCBMUFRYaIVUkbnVsbNMJCgsMDxJXTlMua2V5c1pOUy5vYmplY3RzViRjbGFzc6INDoACgAOiEBGABIAFgAdccmVsYXRpdmVQYXRoWWFsaWFzRGF0YV8QRC4uLy4uLy4uLy4uLy4uL0RvY3VtZW50cy9waGQvbGl0ZXJhdHVyZS9TT0EvcGVyZm9ybWFuY2UvMzAyMjAwNDMucGRm0hcLGBlXTlMuZGF0YU8RAc4AAAAAAc4AAgAADE1hY2ludG9zaCBIRAAAAAAAAAAAAAAAAAAAAM6XudNIKwAAABDH2AwzMDIyMDA0My5wZGYAAAAAAAAAAAAAAAAAAAAAAAAAAAAAAAAAAAAAAAAAAAAAAAAAAAAAAAAAAAAAAAAAAAAAEMfsxAisB1BERiBwcnZ3AAUABgAACSAAAAAAAAAAAAAAAAAAAAALcGVyZm9ybWFuY2UAABAACAAAzperwwAAABEACAAAxAid9wAAAAEAHAAQx9gAEMeKABDDBwAQv7YACPneAAj53QACZI4AAgBYTWFjaW50b3NoIEhEOlVzZXJzOgBtc3dpZW50ZToARG9jdW1lbnRzOgBwaGQ6AGxpdGVyYXR1cmU6AFNPQToAcGVyZm9ybWFuY2U6ADMwMjIwMDQzLnBkZgAOABoADAAzADAAMgAyADAAMAA0ADMALgBwAGQAZgAPABoADABNAGEAYwBpAG4AdABvAHMAaAAgAEgARAASAERVc2Vycy9tc3dpZW50ZS9Eb2N1bWVudHMvcGhkL2xpdGVyYXR1cmUvU09BL3BlcmZvcm1hbmNlLzMwMjIwMDQzLnBkZgATAAEvAAAVAAIAD///AACABtIbHB0eWiRjbGFzc25hbWVYJGNsYXNzZXNdTlNNdXRhYmxlRGF0YaMdHyBWTlNEYXRhWE5TT2JqZWN00hscIiNcTlNEaWN0aW9uYXJ5oiIgXxAPTlNLZXllZEFyY2hpdmVy0SYnVHJvb3SAAQAIABEAGgAjAC0AMgA3AEAARgBNAFUAYABnAGoAbABuAHEAcwB1AHcAhACOANUA2gDiArQCtgK7AsYCzwLdAuEC6ALxAvYDAwMGAxgDGwMgAAAAAAAAAgEAAAAAAAAAKAAAAAAAAAAAAAAAAAAAAyI=},
	Bdsk-Url-1 = {http://portal.acm.org/ft_gateway.cfm?id=1338420&type=external&coll=GUIDE&dl=GUIDE&CFID=21179267&CFTOKEN=94699031},
	Bdsk-Url-2 = {http://dx.doi.org/10.1109/NWESP.2007.6}}

@article{Tekli:2012bh,
	Author = {Tekli, J.M. and Damiani, E. and Chbeir, R. and Gianini, G.},
	Date-Added = {2014-07-24 20:18:07 +0000},
	Date-Modified = {2014-07-24 20:18:07 +0000},
	Doi = {10.1109/TSC.2011.11},
	Issn = {1939-1374},
	Journal = {Services Computing, IEEE Transactions on},
	Keywords = {Web services;XML;encoding;grid computing;message passing;parallel processing;service-oriented architecture;software tools;SOA;SOAP communications;SOAP message exchange;SOAP processing performance;SOAP-XML software toolkits;WS extensibility;WS technology;Web services technology;XML verbosity;XML-based standards;differential encoding;grid computing systems;heterogeneous computing environments;instruction-level processing;interoperability;macrolevel parallel processing solutions;message parsing;microlevel parallel processing solutions;network traffic;nontraditional processor architectures;service oriented architectures;similarity evaluation;simple object access protocol;Java;Security;Simple object access protocol;Throughput;Time factors;XML;Web-based Services;XML/XSL/RDF;and protection.;integrity;performance evaluation;performance measures;security},
	Number = {3},
	Pages = {387-403},
	Title = {SOAP Processing Performance and Enhancement},
	Volume = {5},
	Year = {2012},
	Bdsk-Url-1 = {http://dx.doi.org/10.1109/TSC.2011.11}}

@conference{Devaram:2003fu,
	Author = {Devaram, K. and Andresen, D.},
	Booktitle = {Proceedings of the IASTED International Conference on Parallel and Distributed Computing and Systems (PDCS 2003)},
	Date-Added = {2014-07-24 20:17:58 +0000},
	Date-Modified = {2014-07-24 20:17:58 +0000},
	Pages = {785--790},
	Title = {{{SOAP optimization via parameterized client-side caching}}},
	Year = {2003},
	Bdsk-File-1 = {YnBsaXN0MDDUAQIDBAUGJCVYJHZlcnNpb25YJG9iamVjdHNZJGFyY2hpdmVyVCR0b3ASAAGGoKgHCBMUFRYaIVUkbnVsbNMJCgsMDxJXTlMua2V5c1pOUy5vYmplY3RzViRjbGFzc6INDoACgAOiEBGABIAFgAdccmVsYXRpdmVQYXRoWWFsaWFzRGF0YV8QYy4uLy4uLy4uLy4uLy4uL0RvY3VtZW50cy9QYXBlcnMvRGV2YXJhbS9TT0FQIG9wdGltaXphdGlvbiB2aWEgcGFyYW1ldGVyaXplZCBjbGllbnQtc2lkZSBjYWNoaW5nLnBkZtIXCxgZV05TLmRhdGFPEQJCAAAAAAJCAAIAAAxNYWNpbnRvc2ggSEQAAAAAAAAAAAAAAAAAAADOl7nTSCsAAAAQwZkfU09BUCBvcHRpbWl6YXRpb24gdmkjMTBDMTlCLnBkZgAAAAAAAAAAAAAAAAAAAAAAAAAAAAAAAAAAAAAAAAAAABDBm8dYb8EAAAAAAAAAAAAFAAQAAAkgAAAAAAAAAAAAAAAAAAAAB0RldmFyYW0AABAACAAAzperwwAAABEACAAAx1hhsQAAAAEAFAAQwZkAEL+zAAj53gAI+d0AAmSOAAIAWU1hY2ludG9zaCBIRDpVc2VyczoAbXN3aWVudGU6AERvY3VtZW50czoAUGFwZXJzOgBEZXZhcmFtOgBTT0FQIG9wdGltaXphdGlvbiB2aSMxMEMxOUIucGRmAAAOAHgAOwBTAE8AQQBQACAAbwBwAHQAaQBtAGkAegBhAHQAaQBvAG4AIAB2AGkAYQAgAHAAYQByAGEAbQBlAHQAZQByAGkAegBlAGQAIABjAGwAaQBlAG4AdAAtAHMAaQBkAGUAIABjAGEAYwBoAGkAbgBnAC4AcABkAGYADwAaAAwATQBhAGMAaQBuAHQAbwBzAGgAIABIAEQAEgBjVXNlcnMvbXN3aWVudGUvRG9jdW1lbnRzL1BhcGVycy9EZXZhcmFtL1NPQVAgb3B0aW1pemF0aW9uIHZpYSBwYXJhbWV0ZXJpemVkIGNsaWVudC1zaWRlIGNhY2hpbmcucGRmAAATAAEvAAAVAAIAD///AACABtIbHB0eWiRjbGFzc25hbWVYJGNsYXNzZXNdTlNNdXRhYmxlRGF0YaMdHyBWTlNEYXRhWE5TT2JqZWN00hscIiNcTlNEaWN0aW9uYXJ5oiIgXxAPTlNLZXllZEFyY2hpdmVy0SYnVHJvb3SAAQAIABEAGgAjAC0AMgA3AEAARgBNAFUAYABnAGoAbABuAHEAcwB1AHcAhACOAPQA+QEBA0cDSQNOA1kDYgNwA3QDewOEA4kDlgOZA6sDrgOzAAAAAAAAAgEAAAAAAAAAKAAAAAAAAAAAAAAAAAAAA7U=}}

@conference{andresen2004lye,
	Author = {Andresen, D. and Sexton, D. and Devaram, K. and Ranganath, V.P.},
	Booktitle = {Proceedings of the 2004 International Conference on Parallel Processing (ICPP-2004)},
	Date-Added = {2014-07-24 20:17:50 +0000},
	Date-Modified = {2014-07-24 20:17:50 +0000},
	Pages = {143--150},
	Title = {{{LYE: a high-performance caching SOAP implementation}}},
	Year = {2004},
	Bdsk-File-1 = {YnBsaXN0MDDUAQIDBAUGJCVYJHZlcnNpb25YJG9iamVjdHNZJGFyY2hpdmVyVCR0b3ASAAGGoKgHCBMUFRYaIVUkbnVsbNMJCgsMDxJXTlMua2V5c1pOUy5vYmplY3RzViRjbGFzc6INDoACgAOiEBGABIAFgAdccmVsYXRpdmVQYXRoWWFsaWFzRGF0YV8QXy4uLy4uLy4uLy4uLy4uL0RvY3VtZW50cy9QYXBlcnMvQW5kcmVzZW4vTFlFIGEgaGlnaC1wZXJmb3JtYW5jZSBjYWNoaW5nIFNPQVAgaW1wbGVtZW50YXRpb24ucGRm0hcLGBlXTlMuZGF0YU8RAjQAAAAAAjQAAgAADE1hY2ludG9zaCBIRAAAAAAAAAAAAAAAAAAAAM6XudNIKwAAABDBNh9MWUUgYSBoaWdoLXBlcmZvcm1hbiMxMEMxMzkucGRmAAAAAAAAAAAAAAAAAAAAAAAAAAAAAAAAAAAAAAAAAAAAEME5x1hwAwAAAAAAAAAAAAUABAAACSAAAAAAAAAAAAAAAAAAAAAIQW5kcmVzZW4AEAAIAADOl6vDAAAAEQAIAADHWGHzAAAAAQAUABDBNgAQv7MACPneAAj53QACZI4AAgBaTWFjaW50b3NoIEhEOlVzZXJzOgBtc3dpZW50ZToARG9jdW1lbnRzOgBQYXBlcnM6AEFuZHJlc2VuOgBMWUUgYSBoaWdoLXBlcmZvcm1hbiMxMEMxMzkucGRmAA4AbgA2AEwAWQBFACAAYQAgAGgAaQBnAGgALQBwAGUAcgBmAG8AcgBtAGEAbgBjAGUAIABjAGEAYwBoAGkAbgBnACAAUwBPAEEAUAAgAGkAbQBwAGwAZQBtAGUAbgB0AGEAdABpAG8AbgAuAHAAZABmAA8AGgAMAE0AYQBjAGkAbgB0AG8AcwBoACAASABEABIAX1VzZXJzL21zd2llbnRlL0RvY3VtZW50cy9QYXBlcnMvQW5kcmVzZW4vTFlFIGEgaGlnaC1wZXJmb3JtYW5jZSBjYWNoaW5nIFNPQVAgaW1wbGVtZW50YXRpb24ucGRmAAATAAEvAAAVAAIAD///AACABtIbHB0eWiRjbGFzc25hbWVYJGNsYXNzZXNdTlNNdXRhYmxlRGF0YaMdHyBWTlNEYXRhWE5TT2JqZWN00hscIiNcTlNEaWN0aW9uYXJ5oiIgXxAPTlNLZXllZEFyY2hpdmVy0SYnVHJvb3SAAQAIABEAGgAjAC0AMgA3AEAARgBNAFUAYABnAGoAbABuAHEAcwB1AHcAhACOAPAA9QD9AzUDNwM8A0cDUANeA2IDaQNyA3cDhAOHA5kDnAOhAAAAAAAAAgEAAAAAAAAAKAAAAAAAAAAAAAAAAAAAA6M=}}

@conference{Ng:2005qa,
	Author = {Ng, A. and Greenfield, P. and Chen, S.},
	Booktitle = {Proceedings of the Sixth Australasian Workshop on Software and System Architectures (AWSA2005)},
	Date-Added = {2014-07-24 20:17:26 +0000},
	Date-Modified = {2014-07-24 20:17:26 +0000},
	Title = {{{A Study of the Impact of Compression and Binary Encoding on SOAP Performance}}},
	Year = {2005},
	Bdsk-File-1 = {YnBsaXN0MDDUAQIDBAUGJCVYJHZlcnNpb25YJG9iamVjdHNZJGFyY2hpdmVyVCR0b3ASAAGGoKgHCBMUFRYaIVUkbnVsbNMJCgsMDxJXTlMua2V5c1pOUy5vYmplY3RzViRjbGFzc6INDoACgAOiEBGABIAFgAdccmVsYXRpdmVQYXRoWWFsaWFzRGF0YV8QXy4uLy4uLy4uLy4uLy4uL0RvY3VtZW50cy9QYXBlcnMvTmcvQSBzdHVkeSBvZiB0aGUgaW1wYWN0IG9mIGNvbXByZXNzaW9uIGFuZCBiaW5hcnkgZW5jb2RpbmcucGRm0hcLGBlXTlMuZGF0YU8RAjQAAAAAAjQAAgAADE1hY2ludG9zaCBIRAAAAAAAAAAAAAAAAAAAAM6XudNIKwAAABDD5R9BIHN0dWR5IG9mIHRoZSBpbXBhYyMxMEMzRUEucGRmAAAAAAAAAAAAAAAAAAAAAAAAAAAAAAAAAAAAAAAAAAAAEMPqx1hvSAAAAAAAAAAAAAUABAAACSAAAAAAAAAAAAAAAAAAAAACTmcAEAAIAADOl6vDAAAAEQAIAADHWGE4AAAAAQAUABDD5QAQv7MACPneAAj53QACZI4AAgBUTWFjaW50b3NoIEhEOlVzZXJzOgBtc3dpZW50ZToARG9jdW1lbnRzOgBQYXBlcnM6AE5nOgBBIHN0dWR5IG9mIHRoZSBpbXBhYyMxMEMzRUEucGRmAA4AegA8AEEAIABzAHQAdQBkAHkAIABvAGYAIAB0AGgAZQAgAGkAbQBwAGEAYwB0ACAAbwBmACAAYwBvAG0AcAByAGUAcwBzAGkAbwBuACAAYQBuAGQAIABiAGkAbgBhAHIAeQAgAGUAbgBjAG8AZABpAG4AZwAuAHAAZABmAA8AGgAMAE0AYQBjAGkAbgB0AG8AcwBoACAASABEABIAX1VzZXJzL21zd2llbnRlL0RvY3VtZW50cy9QYXBlcnMvTmcvQSBzdHVkeSBvZiB0aGUgaW1wYWN0IG9mIGNvbXByZXNzaW9uIGFuZCBiaW5hcnkgZW5jb2RpbmcucGRmAAATAAEvAAAVAAIAD///AACABtIbHB0eWiRjbGFzc25hbWVYJGNsYXNzZXNdTlNNdXRhYmxlRGF0YaMdHyBWTlNEYXRhWE5TT2JqZWN00hscIiNcTlNEaWN0aW9uYXJ5oiIgXxAPTlNLZXllZEFyY2hpdmVy0SYnVHJvb3SAAQAIABEAGgAjAC0AMgA3AEAARgBNAFUAYABnAGoAbABuAHEAcwB1AHcAhACOAPAA9QD9AzUDNwM8A0cDUANeA2IDaQNyA3cDhAOHA5kDnAOhAAAAAAAAAgEAAAAAAAAAKAAAAAAAAAAAAAAAAAAAA6M=}}

@inproceedings{Estrella:2008dz,
	Address = {New York, NY, USA},
	Author = {Estrella, J\'{u}lio Cezar and Santana, Marcos Jos\'{e} and Santana, Regina H. C. and Monaco, Francisco Jos\'{e}},
	Booktitle = {SIGDOC '08: Proceedings of the 26th annual ACM international conference on Design of communication},
	Date-Added = {2014-07-24 20:17:15 +0000},
	Date-Modified = {2014-07-24 20:17:15 +0000},
	Doi = {http://doi.acm.org/10.1145/1456536.1456568},
	Isbn = {978-1-60558-083-8},
	Location = {Lisbon, Portugal},
	Pages = {163--168},
	Publisher = {ACM},
	Title = {{{Real-Time Compression of SOAP Messages in a SOA Environment}}},
	Year = {2008},
	Bdsk-File-1 = {YnBsaXN0MDDUAQIDBAUGJCVYJHZlcnNpb25YJG9iamVjdHNZJGFyY2hpdmVyVCR0b3ASAAGGoKgHCBMUFRYaIVUkbnVsbNMJCgsMDxJXTlMua2V5c1pOUy5vYmplY3RzViRjbGFzc6INDoACgAOiEBGABIAFgAdccmVsYXRpdmVQYXRoWWFsaWFzRGF0YV8QaC4uLy4uLy4uLy4uLy4uL0RvY3VtZW50cy9QYXBlcnMvRXN0cmVsbGEvUmVhbC10aW1lIGNvbXByZXNzaW9uIG9mIFNPQVAgbWVzc2FnZXMgaW4gYSBTT0EgZW52aXJvbm1lbnQucGRm0hcLGBlXTlMuZGF0YU8RAk4AAAAAAk4AAgAADE1hY2ludG9zaCBIRAAAAAAAAAAAAAAAAAAAAM6XudNIKwAAABDBuB9SZWFsLXRpbWUgY29tcHJlc3NpbyMxMEMxQkUucGRmAAAAAAAAAAAAAAAAAAAAAAAAAAAAAAAAAAAAAAAAAAAAEMG+x1hszwAAAAAAAAAAAAUABAAACSAAAAAAAAAAAAAAAAAAAAAIRXN0cmVsbGEAEAAIAADOl6vDAAAAEQAIAADHWF6/AAAAAQAUABDBuAAQv7MACPneAAj53QACZI4AAgBaTWFjaW50b3NoIEhEOlVzZXJzOgBtc3dpZW50ZToARG9jdW1lbnRzOgBQYXBlcnM6AEVzdHJlbGxhOgBSZWFsLXRpbWUgY29tcHJlc3NpbyMxMEMxQkUucGRmAA4AgAA/AFIAZQBhAGwALQB0AGkAbQBlACAAYwBvAG0AcAByAGUAcwBzAGkAbwBuACAAbwBmACAAUwBPAEEAUAAgAG0AZQBzAHMAYQBnAGUAcwAgAGkAbgAgAGEAIABTAE8AQQAgAGUAbgB2AGkAcgBvAG4AbQBlAG4AdAAuAHAAZABmAA8AGgAMAE0AYQBjAGkAbgB0AG8AcwBoACAASABEABIAaFVzZXJzL21zd2llbnRlL0RvY3VtZW50cy9QYXBlcnMvRXN0cmVsbGEvUmVhbC10aW1lIGNvbXByZXNzaW9uIG9mIFNPQVAgbWVzc2FnZXMgaW4gYSBTT0EgZW52aXJvbm1lbnQucGRmABMAAS8AABUAAgAP//8AAIAG0hscHR5aJGNsYXNzbmFtZVgkY2xhc3Nlc11OU011dGFibGVEYXRhox0fIFZOU0RhdGFYTlNPYmplY3TSGxwiI1xOU0RpY3Rpb25hcnmiIiBfEA9OU0tleWVkQXJjaGl2ZXLRJidUcm9vdIABAAgAEQAaACMALQAyADcAQABGAE0AVQBgAGcAagBsAG4AcQBzAHUAdwCEAI4A+QD+AQYDWANaA18DagNzA4EDhQOMA5UDmgOnA6oDvAO/A8QAAAAAAAACAQAAAAAAAAAoAAAAAAAAAAAAAAAAAAADxg==},
	Bdsk-Url-1 = {http://portal.acm.org/ft_gateway.cfm?id=1456568&type=pdf&coll=GUIDE&dl=GUIDE&CFID=68003537&CFTOKEN=64315317},
	Bdsk-Url-2 = {http://doi.acm.org/10.1145/1456536.1456568}}

@inproceedings{Ng:2006kl,
	Address = {Washington, DC, USA},
	Author = {Ng, Alex},
	Booktitle = {ASWEC '06: Proceedings of the Australian Software Engineering Conference},
	Date-Added = {2014-07-24 20:17:05 +0000},
	Date-Modified = {2014-07-24 20:17:05 +0000},
	Doi = {http://dx.doi.org/10.1109/ASWEC.2006.37},
	Isbn = {0-7695-2551-2},
	Pages = {100--112},
	Publisher = {IEEE Computer Society},
	Title = {{{Optimising Web Services Performance with Table Driven XML}}},
	Year = {2006},
	Bdsk-File-1 = {YnBsaXN0MDDUAQIDBAUGJCVYJHZlcnNpb25YJG9iamVjdHNZJGFyY2hpdmVyVCR0b3ASAAGGoKgHCBMUFRYaIVUkbnVsbNMJCgsMDxJXTlMua2V5c1pOUy5vYmplY3RzViRjbGFzc6INDoACgAOiEBGABIAFgAdccmVsYXRpdmVQYXRoWWFsaWFzRGF0YV8QVS4uLy4uLy4uLy4uLy4uL0RvY3VtZW50cy9QYXBlcnMvTmcvT3B0aW1pc2luZyBXZWIgU2VydmljZXMgUGVyZm9ybWFuY2Ugd2l0aCBUYWJsZS5wZGbSFwsYGVdOUy5kYXRhTxECFgAAAAACFgACAAAMTWFjaW50b3NoIEhEAAAAAAAAAAAAAAAAAAAAzpe500grAAAAEMPlH09wdGltaXNpbmcgV2ViIFNlcnZpIzEwQzNGMC5wZGYAAAAAAAAAAAAAAAAAAAAAAAAAAAAAAAAAAAAAAAAAAAAQw/DHWG6jAAAAAAAAAAAABQAEAAAJIAAAAAAAAAAAAAAAAAAAAAJOZwAQAAgAAM6Xq8MAAAARAAgAAMdYYJMAAAABABQAEMPlABC/swAI+d4ACPndAAJkjgACAFRNYWNpbnRvc2ggSEQ6VXNlcnM6AG1zd2llbnRlOgBEb2N1bWVudHM6AFBhcGVyczoATmc6AE9wdGltaXNpbmcgV2ViIFNlcnZpIzEwQzNGMC5wZGYADgBmADIATwBwAHQAaQBtAGkAcwBpAG4AZwAgAFcAZQBiACAAUwBlAHIAdgBpAGMAZQBzACAAUABlAHIAZgBvAHIAbQBhAG4AYwBlACAAdwBpAHQAaAAgAFQAYQBiAGwAZQAuAHAAZABmAA8AGgAMAE0AYQBjAGkAbgB0AG8AcwBoACAASABEABIAVVVzZXJzL21zd2llbnRlL0RvY3VtZW50cy9QYXBlcnMvTmcvT3B0aW1pc2luZyBXZWIgU2VydmljZXMgUGVyZm9ybWFuY2Ugd2l0aCBUYWJsZS5wZGYAABMAAS8AABUAAgAP//8AAIAG0hscHR5aJGNsYXNzbmFtZVgkY2xhc3Nlc11OU011dGFibGVEYXRhox0fIFZOU0RhdGFYTlNPYmplY3TSGxwiI1xOU0RpY3Rpb25hcnmiIiBfEA9OU0tleWVkQXJjaGl2ZXLRJidUcm9vdIABAAgAEQAaACMALQAyADcAQABGAE0AVQBgAGcAagBsAG4AcQBzAHUAdwCEAI4A5gDrAPMDDQMPAxQDHwMoAzYDOgNBA0oDTwNcA18DcQN0A3kAAAAAAAACAQAAAAAAAAAoAAAAAAAAAAAAAAAAAAADew==},
	Bdsk-Url-1 = {http://portal.acm.org/ft_gateway.cfm?id=1129441&type=external&coll=GUIDE&dl=GUIDE&CFID=68003954&CFTOKEN=59199537},
	Bdsk-Url-2 = {http://dx.doi.org/10.1109/ASWEC.2006.37}}

@inproceedings{Suzumura:2005fv,
	Address = {Washington, DC, USA},
	Author = {Toyotaro Suzumura and Toshiro Takase and Michiaki Tatsubori},
	Booktitle = {ICWS '05: Proceedings of the IEEE International Conference on Web Services},
	Date-Added = {2014-07-24 20:16:38 +0000},
	Date-Modified = {2014-07-24 20:16:38 +0000},
	Doi = {http://dx.doi.org/10.1109/ICWS.2005.87},
	Isbn = {0-7695-2409-5},
	Keywords = {performance optimization, Webservices, SOAP},
	Pages = {185--192},
	Publisher = {IEEE Computer Society},
	Title = {{{Optimizing Web Services Performance by Differential Deserialization}}},
	Year = {2005},
	Bdsk-File-1 = {YnBsaXN0MDDUAQIDBAUGJCVYJHZlcnNpb25YJG9iamVjdHNZJGFyY2hpdmVyVCR0b3ASAAGGoKgHCBMUFRYaIVUkbnVsbNMJCgsMDxJXTlMua2V5c1pOUy5vYmplY3RzViRjbGFzc6INDoACgAOiEBGABIAFgAdccmVsYXRpdmVQYXRoWWFsaWFzRGF0YV8QRC4uLy4uLy4uLy4uLy4uL0RvY3VtZW50cy9waGQvbGl0ZXJhdHVyZS9TT0EvcGVyZm9ybWFuY2UvMjQwOTAxODUucGRm0hcLGBlXTlMuZGF0YU8RAc4AAAAAAc4AAgAADE1hY2ludG9zaCBIRAAAAAAAAAAAAAAAAAAAAM6XudNIKwAAABDH2AwyNDA5MDE4NS5wZGYAAAAAAAAAAAAAAAAAAAAAAAAAAAAAAAAAAAAAAAAAAAAAAAAAAAAAAAAAAAAAAAAAAAAAEMffxArlwVBERiBwcnZ3AAUABgAACSAAAAAAAAAAAAAAAAAAAAALcGVyZm9ybWFuY2UAABAACAAAzperwwAAABEACAAAxArXsQAAAAEAHAAQx9gAEMeKABDDBwAQv7YACPneAAj53QACZI4AAgBYTWFjaW50b3NoIEhEOlVzZXJzOgBtc3dpZW50ZToARG9jdW1lbnRzOgBwaGQ6AGxpdGVyYXR1cmU6AFNPQToAcGVyZm9ybWFuY2U6ADI0MDkwMTg1LnBkZgAOABoADAAyADQAMAA5ADAAMQA4ADUALgBwAGQAZgAPABoADABNAGEAYwBpAG4AdABvAHMAaAAgAEgARAASAERVc2Vycy9tc3dpZW50ZS9Eb2N1bWVudHMvcGhkL2xpdGVyYXR1cmUvU09BL3BlcmZvcm1hbmNlLzI0MDkwMTg1LnBkZgATAAEvAAAVAAIAD///AACABtIbHB0eWiRjbGFzc25hbWVYJGNsYXNzZXNdTlNNdXRhYmxlRGF0YaMdHyBWTlNEYXRhWE5TT2JqZWN00hscIiNcTlNEaWN0aW9uYXJ5oiIgXxAPTlNLZXllZEFyY2hpdmVy0SYnVHJvb3SAAQAIABEAGgAjAC0AMgA3AEAARgBNAFUAYABnAGoAbABuAHEAcwB1AHcAhACOANUA2gDiArQCtgK7AsYCzwLdAuEC6ALxAvYDAwMGAxgDGwMgAAAAAAAAAgEAAAAAAAAAKAAAAAAAAAAAAAAAAAAAAyI=},
	Bdsk-Url-1 = {http://portal.acm.org/ft_gateway.cfm?id=1092015&type=external&coll=portal&dl=ACM&CFID=12297283&CFTOKEN=68262187},
	Bdsk-Url-2 = {http://dx.doi.org/10.1109/ICWS.2005.87}}

@inproceedings{Abu-Ghazaleh:2005bs,
	Address = {Washington, DC, USA},
	Author = {Nayef Abu-Ghazaleh and Michael J. Lewis},
	Booktitle = {SC '05: Proceedings of the 2005 ACM/IEEE conference on Supercomputing},
	Date-Added = {2014-07-24 20:14:59 +0000},
	Date-Modified = {2014-07-24 20:14:59 +0000},
	Doi = {http://dx.doi.org/10.1109/SC.2005.24},
	Isbn = {1-59593-061-2},
	Keywords = {performance optimization, Webservices, SOAP},
	Pages = {21},
	Publisher = {IEEE Computer Society},
	Title = {{{Differential Deserialization for Optimized SOAP Performance}}},
	Year = {2005},
	Bdsk-File-1 = {YnBsaXN0MDDUAQIDBAUGJCVYJHZlcnNpb25YJG9iamVjdHNZJGFyY2hpdmVyVCR0b3ASAAGGoKgHCBMUFRYaIVUkbnVsbNMJCgsMDxJXTlMua2V5c1pOUy5vYmplY3RzViRjbGFzc6INDoACgAOiEBGABIAFgAdccmVsYXRpdmVQYXRoWWFsaWFzRGF0YV8QRC4uLy4uLy4uLy4uLy4uL0RvY3VtZW50cy9waGQvbGl0ZXJhdHVyZS9TT0EvcGVyZm9ybWFuY2UvMjc1ODAwMjEucGRm0hcLGBlXTlMuZGF0YU8RAc4AAAAAAc4AAgAADE1hY2ludG9zaCBIRAAAAAAAAAAAAAAAAAAAAM6XudNIKwAAABDH2AwyNzU4MDAyMS5wZGYAAAAAAAAAAAAAAAAAAAAAAAAAAAAAAAAAAAAAAAAAAAAAAAAAAAAAAAAAAAAAAAAAAAAAEMflxAX8HlBERiBwcnZ3AAUABgAACSAAAAAAAAAAAAAAAAAAAAALcGVyZm9ybWFuY2UAABAACAAAzperwwAAABEACAAAxAXuDgAAAAEAHAAQx9gAEMeKABDDBwAQv7YACPneAAj53QACZI4AAgBYTWFjaW50b3NoIEhEOlVzZXJzOgBtc3dpZW50ZToARG9jdW1lbnRzOgBwaGQ6AGxpdGVyYXR1cmU6AFNPQToAcGVyZm9ybWFuY2U6ADI3NTgwMDIxLnBkZgAOABoADAAyADcANQA4ADAAMAAyADEALgBwAGQAZgAPABoADABNAGEAYwBpAG4AdABvAHMAaAAgAEgARAASAERVc2Vycy9tc3dpZW50ZS9Eb2N1bWVudHMvcGhkL2xpdGVyYXR1cmUvU09BL3BlcmZvcm1hbmNlLzI3NTgwMDIxLnBkZgATAAEvAAAVAAIAD///AACABtIbHB0eWiRjbGFzc25hbWVYJGNsYXNzZXNdTlNNdXRhYmxlRGF0YaMdHyBWTlNEYXRhWE5TT2JqZWN00hscIiNcTlNEaWN0aW9uYXJ5oiIgXxAPTlNLZXllZEFyY2hpdmVy0SYnVHJvb3SAAQAIABEAGgAjAC0AMgA3AEAARgBNAFUAYABnAGoAbABuAHEAcwB1AHcAhACOANUA2gDiArQCtgK7AsYCzwLdAuEC6ALxAvYDAwMGAxgDGwMgAAAAAAAAAgEAAAAAAAAAKAAAAAAAAAAAAAAAAAAAAyI=},
	Bdsk-Url-1 = {http://portal.acm.org/ft_gateway.cfm?id=1105786&type=pdf&coll=portal&dl=ACM&CFID=12297283&CFTOKEN=68262187},
	Bdsk-Url-2 = {http://dx.doi.org/10.1109/SC.2005.24}}

@inproceedings{Ueno:2006ly,
	Author = {Ueno, K. and Tatsubori, M.},
	Booktitle = {Web Services, 2006. ICWS '06. International Conference on},
	Date-Added = {2014-07-24 20:14:51 +0000},
	Date-Modified = {2014-07-24 20:14:51 +0000},
	Doi = {10.1109/ICWS.2006.57},
	Keywords = {Web services;early capacity testing;enterprise service bus;enterprise service-oriented architecture;hardware resource assessment;mediation modules;performance evaluation;Capacity planning;Hardware;Laboratories;Mediation;Middleware;Semiconductor optical amplifiers;Service oriented architecture;TCPIP;Testing;Web services},
	Pages = {709-716},
	Title = {Early Capacity Testing of an Enterprise Service Bus},
	Year = {2006},
	Bdsk-Url-1 = {http://dx.doi.org/10.1109/ICWS.2006.57}}

@conference{sachs2007designing,
	Author = {Sachs, K. and Kounev, S. and Carter, M. and Buchmann, A.},
	Booktitle = {Proceedings of the 2007 SPEC Benchmark Workshop, SPEC},
	Date-Added = {2014-07-24 20:14:44 +0000},
	Date-Modified = {2014-07-24 20:14:44 +0000},
	Title = {{{Designing a Workload Scenario for Benchmarking Message-Oriented Middleware}}},
	Year = {2007},
	Bdsk-File-1 = {YnBsaXN0MDDUAQIDBAUGJCVYJHZlcnNpb25YJG9iamVjdHNZJGFyY2hpdmVyVCR0b3ASAAGGoKgHCBMUFRYaIVUkbnVsbNMJCgsMDxJXTlMua2V5c1pOUy5vYmplY3RzViRjbGFzc6INDoACgAOiEBGABIAFgAdccmVsYXRpdmVQYXRoWWFsaWFzRGF0YV8QaS4uLy4uLy4uLy4uLy4uL0RvY3VtZW50cy9QYXBlcnMvU2FjaHMvRGVzaWduaW5nIGEgd29ya2xvYWQgc2NlbmFyaW8gZm9yIGJlbmNobWFya2luZyBtZXNzYWdlLW9yaWVudGVkLnBkZtIXCxgZV05TLmRhdGFPEQJUAAAAAAJUAAIAAAxNYWNpbnRvc2ggSEQAAAAAAAAAAAAAAAAAAADOl7nTSCsAAAAQxG4fRGVzaWduaW5nIGEgd29ya2xvYWQjMTBDNDdDLnBkZgAAAAAAAAAAAAAAAAAAAAAAAAAAAAAAAAAAAAAAAAAAABDEfMcQ6JsAAAAAAAAAAAAFAAQAAAkgAAAAAAAAAAAAAAAAAAAABVNhY2hzAAAQAAgAAM6Xq8MAAAARAAgAAMcQ2osAAAABABQAEMRuABC/swAI+d4ACPndAAJkjgACAFdNYWNpbnRvc2ggSEQ6VXNlcnM6AG1zd2llbnRlOgBEb2N1bWVudHM6AFBhcGVyczoAU2FjaHM6AERlc2lnbmluZyBhIHdvcmtsb2FkIzEwQzQ3Qy5wZGYAAA4AiABDAEQAZQBzAGkAZwBuAGkAbgBnACAAYQAgAHcAbwByAGsAbABvAGEAZAAgAHMAYwBlAG4AYQByAGkAbwAgAGYAbwByACAAYgBlAG4AYwBoAG0AYQByAGsAaQBuAGcAIABtAGUAcwBzAGEAZwBlAC0AbwByAGkAZQBuAHQAZQBkAC4AcABkAGYADwAaAAwATQBhAGMAaQBuAHQAbwBzAGgAIABIAEQAEgBpVXNlcnMvbXN3aWVudGUvRG9jdW1lbnRzL1BhcGVycy9TYWNocy9EZXNpZ25pbmcgYSB3b3JrbG9hZCBzY2VuYXJpbyBmb3IgYmVuY2htYXJraW5nIG1lc3NhZ2Utb3JpZW50ZWQucGRmAAATAAEvAAAVAAIAD///AACABtIbHB0eWiRjbGFzc25hbWVYJGNsYXNzZXNdTlNNdXRhYmxlRGF0YaMdHyBWTlNEYXRhWE5TT2JqZWN00hscIiNcTlNEaWN0aW9uYXJ5oiIgXxAPTlNLZXllZEFyY2hpdmVy0SYnVHJvb3SAAQAIABEAGgAjAC0AMgA3AEAARgBNAFUAYABnAGoAbABuAHEAcwB1AHcAhACOAPoA/wEHA18DYQNmA3EDegOIA4wDkwOcA6EDrgOxA8MDxgPLAAAAAAAAAgEAAAAAAAAAKAAAAAAAAAAAAAAAAAAAA80=}}

@article{Sachs:2009rr,
	Address = {Amsterdam, The Netherlands, The Netherlands},
	Author = {Sachs, Kai and Kounev, Samuel and Bacon, Jean and Buchmann, Alejandro},
	Date-Added = {2014-07-24 20:14:37 +0000},
	Date-Modified = {2014-07-24 20:14:37 +0000},
	Doi = {http://dx.doi.org/10.1016/j.peva.2009.01.003},
	Issn = {0166-5316},
	Journal = {Perform. Eval.},
	Number = {8},
	Pages = {410--434},
	Publisher = {Elsevier Science Publishers B. V.},
	Title = {{{Performance evaluation of message-oriented middleware using the SPECjms2007 benchmark}}},
	Volume = {66},
	Year = {2009},
	Bdsk-File-1 = {YnBsaXN0MDDUAQIDBAUGJCVYJHZlcnNpb25YJG9iamVjdHNZJGFyY2hpdmVyVCR0b3ASAAGGoKgHCBMUFRYaIVUkbnVsbNMJCgsMDxJXTlMua2V5c1pOUy5vYmplY3RzViRjbGFzc6INDoACgAOiEBGABIAFgAdccmVsYXRpdmVQYXRoWWFsaWFzRGF0YV8QZS4uLy4uLy4uLy4uLy4uL0RvY3VtZW50cy9QYXBlcnMvU2FjaHMvUGVyZm9ybWFuY2UgZXZhbHVhdGlvbiBvZiBtZXNzYWdlLW9yaWVudGVkIG1pZGRsZXdhcmUgdXNpbmcucGRm0hcLGBlXTlMuZGF0YU8RAkgAAAAAAkgAAgAADE1hY2ludG9zaCBIRAAAAAAAAAAAAAAAAAAAAM6XudNIKwAAABDEbh9QZXJmb3JtYW5jZSBldmFsdWF0aSMxMEM0OTkucGRmAAAAAAAAAAAAAAAAAAAAAAAAAAAAAAAAAAAAAAAAAAAAEMSZxxDpvgAAAAAAAAAAAAUABAAACSAAAAAAAAAAAAAAAAAAAAAFU2FjaHMAABAACAAAzperwwAAABEACAAAxxDbrgAAAAEAFAAQxG4AEL+zAAj53gAI+d0AAmSOAAIAV01hY2ludG9zaCBIRDpVc2VyczoAbXN3aWVudGU6AERvY3VtZW50czoAUGFwZXJzOgBTYWNoczoAUGVyZm9ybWFuY2UgZXZhbHVhdGkjMTBDNDk5LnBkZgAADgCAAD8AUABlAHIAZgBvAHIAbQBhAG4AYwBlACAAZQB2AGEAbAB1AGEAdABpAG8AbgAgAG8AZgAgAG0AZQBzAHMAYQBnAGUALQBvAHIAaQBlAG4AdABlAGQAIABtAGkAZABkAGwAZQB3AGEAcgBlACAAdQBzAGkAbgBnAC4AcABkAGYADwAaAAwATQBhAGMAaQBuAHQAbwBzAGgAIABIAEQAEgBlVXNlcnMvbXN3aWVudGUvRG9jdW1lbnRzL1BhcGVycy9TYWNocy9QZXJmb3JtYW5jZSBldmFsdWF0aW9uIG9mIG1lc3NhZ2Utb3JpZW50ZWQgbWlkZGxld2FyZSB1c2luZy5wZGYAABMAAS8AABUAAgAP//8AAIAG0hscHR5aJGNsYXNzbmFtZVgkY2xhc3Nlc11OU011dGFibGVEYXRhox0fIFZOU0RhdGFYTlNPYmplY3TSGxwiI1xOU0RpY3Rpb25hcnmiIiBfEA9OU0tleWVkQXJjaGl2ZXLRJidUcm9vdIABAAgAEQAaACMALQAyADcAQABGAE0AVQBgAGcAagBsAG4AcQBzAHUAdwCEAI4A9gD7AQMDTwNRA1YDYQNqA3gDfAODA4wDkQOeA6EDswO2A7sAAAAAAAACAQAAAAAAAAAoAAAAAAAAAAAAAAAAAAADvQ==},
	Bdsk-Url-1 = {http://dx.doi.org/10.1016/j.peva.2009.01.003}}

@inproceedings{Chen:2004cr,
	Address = {Washington, DC, USA},
	Author = {Chen, Shiping and Greenfield, Paul},
	Booktitle = {HICSS '04: Proceedings of the Proceedings of the 37th Annual Hawaii International Conference on System Sciences (HICSS'04) - Track 9},
	Date-Added = {2014-07-24 20:14:25 +0000},
	Date-Modified = {2014-07-24 20:14:25 +0000},
	Isbn = {0-7695-2056-1},
	Pages = {90276.2},
	Publisher = {IEEE Computer Society},
	Title = {{{QoS Evaluation of JMS: An Empirical Approach}}},
	Year = {2004},
	Bdsk-File-1 = {YnBsaXN0MDDUAQIDBAUGJCVYJHZlcnNpb25YJG9iamVjdHNZJGFyY2hpdmVyVCR0b3ASAAGGoKgHCBMUFRYaIVUkbnVsbNMJCgsMDxJXTlMua2V5c1pOUy5vYmplY3RzViRjbGFzc6INDoACgAOiEBGABIAFgAdccmVsYXRpdmVQYXRoWWFsaWFzRGF0YV8QVC4uLy4uLy4uLy4uLy4uL0RvY3VtZW50cy9QYXBlcnMvQ2hlbi9Rb1MgRXZhbHVhdGlvbiBvZiBKTVMgQW4gRW1waXJpY2FsIEFwcHJvYWNoLnBkZtIXCxgZV05TLmRhdGFPEQISAAAAAAISAAIAAAxNYWNpbnRvc2ggSEQAAAAAAAAAAAAAAAAAAADOl7nTSCsAAAAQwXQfUW9TIEV2YWx1YXRpb24gb2YgSk0jMTBDMTdDLnBkZgAAAAAAAAAAAAAAAAAAAAAAAAAAAAAAAAAAAAAAAAAAABDBfMcQ6VkAAAAAAAAAAAAFAAQAAAkgAAAAAAAAAAAAAAAAAAAABENoZW4AEAAIAADOl6vDAAAAEQAIAADHENtJAAAAAQAUABDBdAAQv7MACPneAAj53QACZI4AAgBWTWFjaW50b3NoIEhEOlVzZXJzOgBtc3dpZW50ZToARG9jdW1lbnRzOgBQYXBlcnM6AENoZW46AFFvUyBFdmFsdWF0aW9uIG9mIEpNIzEwQzE3Qy5wZGYADgBgAC8AUQBvAFMAIABFAHYAYQBsAHUAYQB0AGkAbwBuACAAbwBmACAASgBNAFMAIABBAG4AIABFAG0AcABpAHIAaQBjAGEAbAAgAEEAcABwAHIAbwBhAGMAaAAuAHAAZABmAA8AGgAMAE0AYQBjAGkAbgB0AG8AcwBoACAASABEABIAVFVzZXJzL21zd2llbnRlL0RvY3VtZW50cy9QYXBlcnMvQ2hlbi9Rb1MgRXZhbHVhdGlvbiBvZiBKTVMgQW4gRW1waXJpY2FsIEFwcHJvYWNoLnBkZgATAAEvAAAVAAIAD///AACABtIbHB0eWiRjbGFzc25hbWVYJGNsYXNzZXNdTlNNdXRhYmxlRGF0YaMdHyBWTlNEYXRhWE5TT2JqZWN00hscIiNcTlNEaWN0aW9uYXJ5oiIgXxAPTlNLZXllZEFyY2hpdmVy0SYnVHJvb3SAAQAIABEAGgAjAC0AMgA3AEAARgBNAFUAYABnAGoAbABuAHEAcwB1AHcAhACOAOUA6gDyAwgDCgMPAxoDIwMxAzUDPANFA0oDVwNaA2wDbwN0AAAAAAAAAgEAAAAAAAAAKAAAAAAAAAAAAAAAAAAAA3Y=},
	Bdsk-Url-1 = {http://portal.acm.org/ft_gateway.cfm?id=963285&type=external&coll=GUIDE&dl=GUIDE&CFID=59117340&CFTOKEN=23263551}}

@inproceedings{Menth:2006ys,
	Address = {New York, NY, USA},
	Author = {Menth, Michael and Henjes, Robert and Zepfel, Christian and Gehrsitz, Sebastian},
	Booktitle = {SIGMETRICS '06/Performance '06: Proceedings of the joint international conference on Measurement and modeling of computer systems},
	Date-Added = {2014-07-24 20:14:16 +0000},
	Date-Modified = {2014-07-24 20:14:16 +0000},
	Doi = {http://doi.acm.org/10.1145/1140277.1140323},
	Isbn = {1-59593-319-0},
	Location = {Saint Malo, France},
	Pages = {367--368},
	Publisher = {ACM},
	Title = {{{Throughput Performance of Popular JMS Servers}}},
	Year = {2006},
	Bdsk-File-1 = {YnBsaXN0MDDUAQIDBAUGJCVYJHZlcnNpb25YJG9iamVjdHNZJGFyY2hpdmVyVCR0b3ASAAGGoKgHCBMUFRYaIVUkbnVsbNMJCgsMDxJXTlMua2V5c1pOUy5vYmplY3RzViRjbGFzc6INDoACgAOiEBGABIAFgAdccmVsYXRpdmVQYXRoWWFsaWFzRGF0YV8QVy4uLy4uLy4uLy4uLy4uL0RvY3VtZW50cy9QYXBlcnMvTWVudGgvVGhyb3VnaHB1dCBwZXJmb3JtYW5jZSBvZiBwb3B1bGFyIEpNUyBzZXJ2ZXJzLnBkZtIXCxgZV05TLmRhdGFPEQIeAAAAAAIeAAIAAAxNYWNpbnRvc2ggSEQAAAAAAAAAAAAAAAAAAADOl7nTSCsAAAAQw7QfVGhyb3VnaHB1dCBwZXJmb3JtYW4jMTBDM0I3LnBkZgAAAAAAAAAAAAAAAAAAAAAAAAAAAAAAAAAAAAAAAAAAABDDt8cQ5agAAAAAAAAAAAAFAAQAAAkgAAAAAAAAAAAAAAAAAAAABU1lbnRoAAAQAAgAAM6Xq8MAAAARAAgAAMcQ15gAAAABABQAEMO0ABC/swAI+d4ACPndAAJkjgACAFdNYWNpbnRvc2ggSEQ6VXNlcnM6AG1zd2llbnRlOgBEb2N1bWVudHM6AFBhcGVyczoATWVudGg6AFRocm91Z2hwdXQgcGVyZm9ybWFuIzEwQzNCNy5wZGYAAA4AZAAxAFQAaAByAG8AdQBnAGgAcAB1AHQAIABwAGUAcgBmAG8AcgBtAGEAbgBjAGUAIABvAGYAIABwAG8AcAB1AGwAYQByACAASgBNAFMAIABzAGUAcgB2AGUAcgBzAC4AcABkAGYADwAaAAwATQBhAGMAaQBuAHQAbwBzAGgAIABIAEQAEgBXVXNlcnMvbXN3aWVudGUvRG9jdW1lbnRzL1BhcGVycy9NZW50aC9UaHJvdWdocHV0IHBlcmZvcm1hbmNlIG9mIHBvcHVsYXIgSk1TIHNlcnZlcnMucGRmAAATAAEvAAAVAAIAD///AACABtIbHB0eWiRjbGFzc25hbWVYJGNsYXNzZXNdTlNNdXRhYmxlRGF0YaMdHyBWTlNEYXRhWE5TT2JqZWN00hscIiNcTlNEaWN0aW9uYXJ5oiIgXxAPTlNLZXllZEFyY2hpdmVy0SYnVHJvb3SAAQAIABEAGgAjAC0AMgA3AEAARgBNAFUAYABnAGoAbABuAHEAcwB1AHcAhACOAOgA7QD1AxcDGQMeAykDMgNAA0QDSwNUA1kDZgNpA3sDfgODAAAAAAAAAgEAAAAAAAAAKAAAAAAAAAAAAAAAAAAAA4U=},
	Bdsk-Url-1 = {http://portal.acm.org/ft_gateway.cfm?id=1140323&type=pdf&coll=GUIDE&dl=GUIDE&CFID=59117346&CFTOKEN=26747942},
	Bdsk-Url-2 = {http://doi.acm.org/10.1145/1140277.1140323}}

@inproceedings{Henjes:2006nx,
	Address = {Washington, DC, USA},
	Author = {Henjes, Robert and Menth, Michael and Zepfel, Christian},
	Booktitle = {ICDCSW '06: Proceedings of the 26th IEEE International ConferenceWorkshops on Distributed Computing Systems},
	Date-Added = {2014-07-24 20:14:04 +0000},
	Date-Modified = {2014-07-24 20:14:04 +0000},
	Doi = {http://dx.doi.org/10.1109/ICDCSW.2006.110},
	Isbn = {0-7695-2541-5},
	Pages = {26},
	Publisher = {IEEE Computer Society},
	Title = {{{Throughput Performance of Java Messaging Services Using WebsphereMQ}}},
	Year = {2006},
	Bdsk-File-1 = {YnBsaXN0MDDUAQIDBAUGJCVYJHZlcnNpb25YJG9iamVjdHNZJGFyY2hpdmVyVCR0b3ASAAGGoKgHCBMUFRYaIVUkbnVsbNMJCgsMDxJXTlMua2V5c1pOUy5vYmplY3RzViRjbGFzc6INDoACgAOiEBGABIAFgAdccmVsYXRpdmVQYXRoWWFsaWFzRGF0YV8QXC4uLy4uLy4uLy4uLy4uL0RvY3VtZW50cy9QYXBlcnMvSGVuamVzL1Rocm91Z2hwdXQgUGVyZm9ybWFuY2Ugb2YgSmF2YSBNZXNzYWdpbmcgU2VydmljZXMucGRm0hcLGBlXTlMuZGF0YU8RAioAAAAAAioAAgAADE1hY2ludG9zaCBIRAAAAAAAAAAAAAAAAAAAAM6XudNIKwAAABDCEx9UaHJvdWdocHV0IFBlcmZvcm1hbiMxMEMyMTcucGRmAAAAAAAAAAAAAAAAAAAAAAAAAAAAAAAAAAAAAAAAAAAAEMIXxxDkUwAAAAAAAAAAAAUABAAACSAAAAAAAAAAAAAAAAAAAAAGSGVuamVzABAACAAAzperwwAAABEACAAAxxDWQwAAAAEAFAAQwhMAEL+zAAj53gAI+d0AAmSOAAIAWE1hY2ludG9zaCBIRDpVc2VyczoAbXN3aWVudGU6AERvY3VtZW50czoAUGFwZXJzOgBIZW5qZXM6AFRocm91Z2hwdXQgUGVyZm9ybWFuIzEwQzIxNy5wZGYADgBsADUAVABoAHIAbwB1AGcAaABwAHUAdAAgAFAAZQByAGYAbwByAG0AYQBuAGMAZQAgAG8AZgAgAEoAYQB2AGEAIABNAGUAcwBzAGEAZwBpAG4AZwAgAFMAZQByAHYAaQBjAGUAcwAuAHAAZABmAA8AGgAMAE0AYQBjAGkAbgB0AG8AcwBoACAASABEABIAXFVzZXJzL21zd2llbnRlL0RvY3VtZW50cy9QYXBlcnMvSGVuamVzL1Rocm91Z2hwdXQgUGVyZm9ybWFuY2Ugb2YgSmF2YSBNZXNzYWdpbmcgU2VydmljZXMucGRmABMAAS8AABUAAgAP//8AAIAG0hscHR5aJGNsYXNzbmFtZVgkY2xhc3Nlc11OU011dGFibGVEYXRhox0fIFZOU0RhdGFYTlNPYmplY3TSGxwiI1xOU0RpY3Rpb25hcnmiIiBfEA9OU0tleWVkQXJjaGl2ZXLRJidUcm9vdIABAAgAEQAaACMALQAyADcAQABGAE0AVQBgAGcAagBsAG4AcQBzAHUAdwCEAI4A7QDyAPoDKAMqAy8DOgNDA1EDVQNcA2UDagN3A3oDjAOPA5QAAAAAAAACAQAAAAAAAAAoAAAAAAAAAAAAAAAAAAADlg==},
	Bdsk-Url-1 = {http://portal.acm.org/ft_gateway.cfm?id=1156665&type=external&coll=GUIDE&dl=GUIDE&CFID=59117795&CFTOKEN=48948710},
	Bdsk-Url-2 = {http://dx.doi.org/10.1109/ICDCSW.2006.110}}

@inproceedings{Her:2007qf,
	Address = {Washington, DC, USA},
	Author = {Jin Sun Her and Si Won Choi and Sang Hun Oh and Soo Dong Kim},
	Booktitle = {NWESP '07: Proceedings of the Third International Conference on Next Generation Web Services Practices},
	Date-Added = {2014-07-24 20:13:51 +0000},
	Date-Modified = {2014-07-24 20:13:51 +0000},
	Doi = {http://dx.doi.org/10.1109/NWESP.2007.3},
	Isbn = {0-7695-3022-2},
	Keywords = {Performance measuring},
	Pages = {55--60},
	Publisher = {IEEE Computer Society},
	Title = {A {F}ramework for {M}easuring {P}erformance in {S}ervice-{O}riented {A}rchitecture},
	Year = {2007},
	Bdsk-Url-1 = {http://dx.doi.org/10.1109/NWESP.2007.3}}

@article{Hess:2006rs,
	Author = {Andreas Hess and Bernhard Humm and Markus Vo{\ss}},
	Date-Added = {2014-07-24 20:03:04 +0000},
	Date-Modified = {2014-07-24 20:03:04 +0000},
	Doi = {10.1007/s00287-006-0099-3},
	Journal = {Informatik Spektrum},
	Keywords = {Definition, Loose Coupling, Service Granularity},
	Month = {December},
	Number = {6},
	Pages = {395-411},
	Title = {{{Regeln f{\"u}r serviceorientierte Architekturen hoher Qualit{\"a}t}}},
	Volume = {29},
	Year = {2006},
	Bdsk-File-1 = {YnBsaXN0MDDUAQIDBAUGJCVYJHZlcnNpb25YJG9iamVjdHNZJGFyY2hpdmVyVCR0b3ASAAGGoKgHCBMUFRYaIVUkbnVsbNMJCgsMDxJXTlMua2V5c1pOUy5vYmplY3RzViRjbGFzc6INDoACgAOiEBGABIAFgAdccmVsYXRpdmVQYXRoWWFsaWFzRGF0YV8QjC4uLy4uLy4uL2xpdGVyYXR1cmUvU09BL3NlcnZpY2UgZGVmaW5pdGlvbi9IZXNzX0h1bW1fVm9fXy1fUmVnZWxuX2Zfcl9zZXJ2aWNlb3JpZW50aWVydGVfQXJjaGl0ZWt0dXJlbl9ob2hlcl9RdWFsaXRfdF9fc2RfbV9Tb25kZXJkcnVja18ucGRm0hcLGBlXTlMuZGF0YU8RAuoAAAAAAuoAAgAADE1hY2ludG9zaCBIRAAAAAAAAAAAAAAAAAAAAMNBG/VIKwAAACZBEB9IZXNzX0h1bW1fVm9fXy1fUmVnZSMyMzk0QzMucGRmAAAAAAAAAAAAAAAAAAAAAAAAAAAAAAAAAAAAAAAAAAAAI5TDw8EZz1BERiBwcnZ3AAMABAAACSAAAAAAAAAAAAAAAAAAAAASc2VydmljZSBkZWZpbml0aW9uABAACAAAw0D/1QAAABEACAAAw8ELvwAAAAEAHAAmQRAAC8aIAAvGhgALxm4AC6GNAAuhdgAAeWYAAgBpTWFjaW50b3NoIEhEOlVzZXJzOm1hcnRpbjpEb2N1bWVudHM6cGhkOmxpdGVyYXR1cmU6U09BOnNlcnZpY2UgZGVmaW5pdGlvbjpIZXNzX0h1bW1fVm9fXy1fUmVnZSMyMzk0QzMucGRmAAAOAMQAYQBIAGUAcwBzAF8ASAB1AG0AbQBfAFYAbwBfAF8ALQBfAFIAZQBnAGUAbABuAF8AZgBfAHIAXwBzAGUAcgB2AGkAYwBlAG8AcgBpAGUAbgB0AGkAZQByAHQAZQBfAEEAcgBjAGgAaQB0AGUAawB0AHUAcgBlAG4AXwBoAG8AaABlAHIAXwBRAHUAYQBsAGkAdABfAHQAXwBfAHMAZABfAG0AXwBTAG8AbgBkAGUAcgBkAHIAdQBjAGsAXwAuAHAAZABmAA8AGgAMAE0AYQBjAGkAbgB0AG8AcwBoACAASABEABIAnlVzZXJzL21hcnRpbi9Eb2N1bWVudHMvcGhkL2xpdGVyYXR1cmUvU09BL3NlcnZpY2UgZGVmaW5pdGlvbi9IZXNzX0h1bW1fVm9fXy1fUmVnZWxuX2Zfcl9zZXJ2aWNlb3JpZW50aWVydGVfQXJjaGl0ZWt0dXJlbl9ob2hlcl9RdWFsaXRfdF9fc2RfbV9Tb25kZXJkcnVja18ucGRmABMAAS8AABUAAgAN//8AAIAG0hscHR5aJGNsYXNzbmFtZVgkY2xhc3Nlc11OU011dGFibGVEYXRhox0fIFZOU0RhdGFYTlNPYmplY3TSGxwiI1xOU0RpY3Rpb25hcnmiIiBfEA9OU0tleWVkQXJjaGl2ZXLRJidUcm9vdIABAAgAEQAaACMALQAyADcAQABGAE0AVQBgAGcAagBsAG4AcQBzAHUAdwCEAI4BHQEiASoEGAQaBB8EKgQzBEEERQRMBFUEWgRnBGoEfAR/BIQAAAAAAAACAQAAAAAAAAAoAAAAAAAAAAAAAAAAAAAEhg==},
	Bdsk-Url-1 = {http://dx.doi.org/10.1007/s00287-006-0099-3}}

@webpage{EXI:2007,
	Date-Added = {2014-07-24 20:02:54 +0000},
	Date-Modified = {2014-07-24 20:02:54 +0000},
	Lastchecked = {January 2008},
	Title = {{{EXI Working Group}}},
	Url = {http://www.w3.org/XML/EXI},
	Year = {2007},
	Bdsk-Url-1 = {http://www.w3.org/XML/EXI}}

@book{Engels:2008nr,
	Author = {Gregor Engels and Andreas Hess and Bernhard Humm and Oliver Juwig and Marc Lohmann and Jan-Peter Richter and Markus Vo{\ss} and Johannes Willkomm},
	Date-Added = {2014-07-24 20:02:48 +0000},
	Date-Modified = {2014-07-24 20:02:48 +0000},
	Keywords = {Loose Coupling, Definition, Application Landscapes},
	Publisher = {dpunkt Verlag},
	Title = {{{Quasar Enterprise - Anwendungslandschaften serviceorientiert gestalten}}},
	Year = {2008}}

@book{Krafzig:2005zc,
	Author = {Dirk Krafzig and Karl Banke and Dirk Slama},
	Date-Added = {2014-07-24 20:02:41 +0000},
	Date-Modified = {2014-07-24 20:02:41 +0000},
	Isbn = {0131465759},
	Keywords = {Introduction, Case Studies},
	Publisher = {Prentice Hall},
	Title = {{{Enterprise SOA}}},
	Year = {2005}}

@book{Josuttis:2007fk,
	Address = {Sebastopol, CA, USA},
	Author = {Josuttis,, Nicolai},
	Date-Added = {2014-07-24 20:02:32 +0000},
	Date-Modified = {2014-07-24 20:02:32 +0000},
	Isbn = {9780596529550},
	Publisher = {O'Reilly},
	Title = {{{SOA in practice}}},
	Year = {2007},
	Bdsk-Url-1 = {http://portal.acm.org/ft_gateway.cfm?id=1406356&type=safari&coll=Portal&dl=GUIDE&CFID=29738242&CFTOKEN=33776775}}

@inproceedings{OBrien:2007fk,
	Address = {Washington, DC, USA},
	Author = {Liam O'Brien and Paulo Merson and Len Bass},
	Booktitle = {SDSOA '07: Proceedings of the International Workshop on Systems Development in SOA Environments},
	Date-Added = {2014-07-24 20:02:24 +0000},
	Date-Modified = {2014-07-24 20:02:24 +0000},
	Doi = {http://dx.doi.org/10.1109/SDSOA.2007.10},
	Isbn = {0-7695-2960-7},
	Keywords = {Performance, Quality Attributes},
	Pages = {3},
	Publisher = {IEEE Computer Society},
	Title = {{{Quality Attributes for Service-Oriented Architectures}}},
	Year = {2007},
	Bdsk-File-1 = {YnBsaXN0MDDUAQIDBAUGJCVYJHZlcnNpb25YJG9iamVjdHNZJGFyY2hpdmVyVCR0b3ASAAGGoKgHCBMUFRYaIVUkbnVsbNMJCgsMDxJXTlMua2V5c1pOUy5vYmplY3RzViRjbGFzc6INDoACgAOiEBGABIAFgAdccmVsYXRpdmVQYXRoWWFsaWFzRGF0YV8QRC4uLy4uLy4uLy4uLy4uL0RvY3VtZW50cy9waGQvbGl0ZXJhdHVyZS9TT0EvcGVyZm9ybWFuY2UvMjk2MDAwMDMucGRm0hcLGBlXTlMuZGF0YU8RAc4AAAAAAc4AAgAADE1hY2ludG9zaCBIRAAAAAAAAAAAAAAAAAAAAM6XudNIKwAAABDH2AwyOTYwMDAwMy5wZGYAAAAAAAAAAAAAAAAAAAAAAAAAAAAAAAAAAAAAAAAAAAAAAAAAAAAAAAAAAAAAAAAAAAAAEMfqw6MeYwAAAAAAAAAAAAUABgAACSAAAAAAAAAAAAAAAAAAAAALcGVyZm9ybWFuY2UAABAACAAAzperwwAAABEACAAAw6MQUwAAAAEAHAAQx9gAEMeKABDDBwAQv7YACPneAAj53QACZI4AAgBYTWFjaW50b3NoIEhEOlVzZXJzOgBtc3dpZW50ZToARG9jdW1lbnRzOgBwaGQ6AGxpdGVyYXR1cmU6AFNPQToAcGVyZm9ybWFuY2U6ADI5NjAwMDAzLnBkZgAOABoADAAyADkANgAwADAAMAAwADMALgBwAGQAZgAPABoADABNAGEAYwBpAG4AdABvAHMAaAAgAEgARAASAERVc2Vycy9tc3dpZW50ZS9Eb2N1bWVudHMvcGhkL2xpdGVyYXR1cmUvU09BL3BlcmZvcm1hbmNlLzI5NjAwMDAzLnBkZgATAAEvAAAVAAIAD///AACABtIbHB0eWiRjbGFzc25hbWVYJGNsYXNzZXNdTlNNdXRhYmxlRGF0YaMdHyBWTlNEYXRhWE5TT2JqZWN00hscIiNcTlNEaWN0aW9uYXJ5oiIgXxAPTlNLZXllZEFyY2hpdmVy0SYnVHJvb3SAAQAIABEAGgAjAC0AMgA3AEAARgBNAFUAYABnAGoAbABuAHEAcwB1AHcAhACOANUA2gDiArQCtgK7AsYCzwLdAuEC6ALxAvYDAwMGAxgDGwMgAAAAAAAAAgEAAAAAAAAAKAAAAAAAAAAAAAAAAAAAAyI=},
	Bdsk-Url-1 = {http://portal.acm.org/ft_gateway.cfm?id=1270300&type=pdf&coll=GUIDE&dl=GUIDE&CFID=16264258&CFTOKEN=55508886},
	Bdsk-Url-2 = {http://dx.doi.org/10.1109/SDSOA.2007.10}}

@webpage{soap:2007,
	Date-Added = {2014-07-24 20:02:15 +0000},
	Date-Modified = {2014-07-24 20:02:15 +0000},
	Lastchecked = {January 2008},
	Title = {{{SOAP Specification}}},
	Url = {http://www.w3.org/TR/soap},
	Year = {2007},
	Bdsk-Url-1 = {http://www.w3.org/TR/soap}}

@misc{Schulte:2002mz,
	Author = {R. Schulte},
	Booktitle = {Research Note, Gartner},
	Date-Added = {2014-07-24 20:02:04 +0000},
	Date-Modified = {2014-07-24 20:02:04 +0000},
	Journal = {Research Note, Gartner},
	Keywords = {Enterprise Service Bus, Market Analysis},
	Month = {December},
	Title = {Predicts 2003: {E}nterprise {S}ervice {B}uses {E}merge, {G}artner},
	Year = {2002}}

@article{Richter:2005ci,
	Author = {Jan-Peter Richter and Harald Haller and Peter Schrey},
	Date-Added = {2014-07-24 20:01:48 +0000},
	Date-Modified = {2014-07-24 20:01:48 +0000},
	Doi = {10.1007/s00287-005-0021-4},
	Journal = {Informatik Spektrum},
	Keywords = {Definition},
	Month = {Oktober},
	Number = {5},
	Pages = {413-416},
	Title = {{{Serviceorientierte Architektur}}},
	Volume = {28},
	Year = {2005},
	Bdsk-File-1 = {YnBsaXN0MDDUAQIDBAUGJCVYJHZlcnNpb25YJG9iamVjdHNZJGFyY2hpdmVyVCR0b3ASAAGGoKgHCBMUFRYaIVUkbnVsbNMJCgsMDxJXTlMua2V5c1pOUy5vYmplY3RzViRjbGFzc6INDoACgAOiEBGABIAFgAdccmVsYXRpdmVQYXRoWWFsaWFzRGF0YV8QTy4uLy4uLy4uLy4uLy4uL0RvY3VtZW50cy9waGQvbGl0ZXJhdHVyZS9TT0EvYmFzaWNzL0FrdHVlbGxlcyBTY2hsYWd3b3J0IFNPQS5wZGbSFwsYGVdOUy5kYXRhTxECAAAAAAACAAACAAAMTWFjaW50b3NoIEhEAAAAAAAAAAAAAAAAAAAAzpe500grAAAAEMeUHEFrdHVlbGxlcyBTY2hsYWd3b3J0IFNPQS5wZGYAAAAAAAAAAAAAAAAAAAAAAAAAAAAAAAAAAAAAAAAAAAAAAAAQx5jDhKFmUERGIHBydncABQAGAAAJIAAAAAAAAAAAAAAAAAAAAAZiYXNpY3MAEAAIAADOl6vDAAAAEQAIAADDhJNWAAAAAQAcABDHlAAQx4oAEMMHABC/tgAI+d4ACPndAAJkjgACAGNNYWNpbnRvc2ggSEQ6VXNlcnM6AG1zd2llbnRlOgBEb2N1bWVudHM6AHBoZDoAbGl0ZXJhdHVyZToAU09BOgBiYXNpY3M6AEFrdHVlbGxlcyBTY2hsYWd3b3J0IFNPQS5wZGYAAA4AOgAcAEEAawB0AHUAZQBsAGwAZQBzACAAUwBjAGgAbABhAGcAdwBvAHIAdAAgAFMATwBBAC4AcABkAGYADwAaAAwATQBhAGMAaQBuAHQAbwBzAGgAIABIAEQAEgBPVXNlcnMvbXN3aWVudGUvRG9jdW1lbnRzL3BoZC9saXRlcmF0dXJlL1NPQS9iYXNpY3MvQWt0dWVsbGVzIFNjaGxhZ3dvcnQgU09BLnBkZgAAEwABLwAAFQACAA///wAAgAbSGxwdHlokY2xhc3NuYW1lWCRjbGFzc2VzXU5TTXV0YWJsZURhdGGjHR8gVk5TRGF0YVhOU09iamVjdNIbHCIjXE5TRGljdGlvbmFyeaIiIF8QD05TS2V5ZWRBcmNoaXZlctEmJ1Ryb290gAEACAARABoAIwAtADIANwBAAEYATQBVAGAAZwBqAGwAbgBxAHMAdQB3AIQAjgDgAOUA7QLxAvMC+AMDAwwDGgMeAyUDLgMzA0ADQwNVA1gDXQAAAAAAAAIBAAAAAAAAACgAAAAAAAAAAAAAAAAAAANf},
	Bdsk-Url-1 = {http://dx.doi.org/10.1007/s00287-005-0021-4}}

@inproceedings{Fleck:1999aa,
	Author = {Fleck, Joel},
	Booktitle = {Telecommunications Information Networking Architecture Conference Proceedings, 1999. TINA '99},
	Date-Added = {2014-07-24 19:44:32 +0000},
	Date-Modified = {2014-07-24 19:44:32 +0000},
	Doi = {10.1109/TINA.1999.789980},
	Keywords = {information networks;invoicing;open systems;telecommunication computing;telecommunication network management;telecommunication services;communications service providers;distributed processing environment;flexibility;hierarchical focused trading;next-generation communications;open system;performance;real-time billing environment;reliability;simulation;transactional engine;Communication industry;Computer architecture;Computer networks;Hardware;Intelligent networks;Service oriented architecture;Telecommunication computing;Telecommunication network management;Telecommunication services;Telephony},
	Pages = {142-148},
	Title = {A distributed near real-time billing environment},
	Year = {1999},
	Bdsk-Url-1 = {http://dx.doi.org/10.1109/TINA.1999.789980}}

@electronic{google_cloud_autoscaling,
	Date-Added = {2014-07-24 19:43:45 +0000},
	Date-Modified = {2014-07-24 19:43:45 +0000},
	Howpublished = {https://cloud.google.com/developers/articles/auto-scaling-on-the-google-cloud-platform},
	Note = {[retrieved: March 2014]},
	Title = {Auto Scaling on the Google Cloud Platform}}

@misc{ec2_autoscaling,
	Date-Added = {2014-07-24 19:43:39 +0000},
	Date-Modified = {2014-07-24 19:43:39 +0000},
	Howpublished = {http://aws.amazon.com/autoscaling},
	Note = {[retrieved: March 2014]},
	Title = {Amazon EC2 Auto Scaling}}

@inproceedings{Didona:2012aa,
	Author = {Didona, D. and Carnevale, D. and Galeani, S. and Romano, P.},
	Booktitle = {Self-Adaptive and Self-Organizing Systems (SASO), 2012 IEEE Sixth International Conference on},
	Date-Added = {2014-07-24 19:43:28 +0000},
	Date-Modified = {2014-07-24 19:43:28 +0000},
	Doi = {10.1109/SASO.2012.33},
	Issn = {1949-3673},
	Keywords = {computer network performance evaluation;optimal control;optimisation;self-adjusting systems;transport protocols;TOB;control theory community;delay sensitive applications;dependable distributed systems;extremum seeking algorithm;extremum seeking optimization principles;fluctuating workloads;group communication system;message batching level;networked service throughput maximization;optimal batching level;optimal performances;optimization technique;performance optimization;self-adaptive mechanisms;self-tuning algorithm;self-tuning problem;total order broadcast;total order protocols;Algorithm design and analysis;Analytical models;Convergence;Indexes;Optimization;Protocols;Throughput;Extremum Seeking;Message Batching;Self-Tuning;Total-Order Broadcast},
	Month = {Sept},
	Pages = {89-98},
	Title = {An Extremum Seeking Algorithm for Message Batching in Total Order Protocols},
	Year = {2012},
	Bdsk-Url-1 = {http://dx.doi.org/10.1109/SASO.2012.33}}

@inproceedings{Romano:2012aa,
	Author = {Romano, P. and Leonetti, M.},
	Booktitle = {Computing, Networking and Communications (ICNC), 2012 International Conference on},
	Date-Added = {2014-07-24 19:43:18 +0000},
	Date-Modified = {2014-07-24 19:43:18 +0000},
	Doi = {10.1109/ICCNC.2012.6167531},
	Keywords = {broadcast communication;learning (artificial intelligence);protocols;TOB protocols;analytical modelling;batching parameter;drastic reductions;learning time;performance degradation;reinforcement learning techniques;self-tuning batching;total order broadcast protocols;Analytical models;Equations;Learning;Load modeling;Mathematical model;Protocols;Throughput},
	Month = {Jan},
	Pages = {786-792},
	Title = {Self-tuning batching in total order broadcast protocols via analytical modelling and reinforcement learning},
	Year = {2012},
	Bdsk-Url-1 = {http://dx.doi.org/10.1109/ICCNC.2012.6167531}}

@inproceedings{Friedman:1997aa,
	Acmid = {823140},
	Address = {Washington, DC, USA},
	Author = {Friedman, Roy and Robbert Van Renesse},
	Booktitle = {Proceedings of the 6th IEEE International Symposium on High Performance Distributed Computing},
	Date-Added = {2014-07-24 19:43:04 +0000},
	Date-Modified = {2014-07-24 19:43:04 +0000},
	Isbn = {0-8186-8117-9},
	Pages = {233--},
	Publisher = {IEEE Computer Society},
	Series = {HPDC '97},
	Title = {Packing Messages As a Tool for Boosting the Performance of Total Ordering Protocls},
	Year = {1997},
	Bdsk-Url-1 = {http://dl.acm.org/citation.cfm?id=822082.823140}}

@inproceedings{Friedman:2006aa,
	Author = {Friedman, R. and Hadad, E.},
	Booktitle = {Reliable Distributed Systems, 2006. SRDS '06. 25th IEEE Symposium on},
	Date-Added = {2014-07-24 19:43:04 +0000},
	Date-Modified = {2014-07-24 19:43:04 +0000},
	Doi = {10.1109/SRDS.2006.8},
	Issn = {1060-9857},
	Keywords = {network servers;performance evaluation;adaptive batching;performance evaluation;replicated servers;Bandwidth;Calibration;Computational efficiency;Computer science;Costs;Delay;Distributed computing;Monitoring;Protocols;Throughput},
	Pages = {311-320},
	Title = {Adaptive Batching for Replicated Servers},
	Year = {2006},
	Bdsk-Url-1 = {http://dx.doi.org/10.1109/SRDS.2006.8}}

@inproceedings{Gonzalez:2011,
	Acmid = {2093189},
	Address = {New York, NY, USA},
	Articleno = {4},
	Author = {Gonz\'{a}lez, Laura and Ruggia, Ra\'{u}l},
	Booktitle = {Proceedings of the 6th Workshop on Middleware for Service Oriented Computing},
	Date-Added = {2014-07-24 19:42:52 +0000},
	Date-Modified = {2014-07-24 19:42:52 +0000},
	Doi = {10.1145/2093185.2093189},
	Isbn = {978-1-4503-1067-3},
	Keywords = {adaptation, enterprise service bus, mediation, quality of service, service oriented architecture},
	Location = {Lisbon, Portugal},
	Numpages = {7},
	Pages = {4:1--4:7},
	Publisher = {ACM},
	Series = {MW4SOC '11},
	Title = {Addressing QoS Issues in Service Based Systems Through an Adaptive ESB Infrastructure},
	Url = {http://doi.acm.org/10.1145/2093185.2093189},
	Year = {2011},
	Bdsk-Url-1 = {http://doi.acm.org/10.1145/2093185.2093189},
	Bdsk-Url-2 = {http://dx.doi.org/10.1145/2093185.2093189}}

@article{Calinescu:2011aa,
	Author = {Calinescu, R. and Grunske, Lars and Kwiatkowska, M. and Mirandola, R. and Tamburrelli, G.},
	Date-Added = {2014-07-24 19:42:38 +0000},
	Date-Modified = {2014-07-24 19:42:38 +0000},
	Doi = {10.1109/TSE.2010.92},
	Issn = {0098-5589},
	Journal = {Software Engineering, IEEE Transactions on},
	Keywords = {health care;medical computing;optimisation;quality of service;software engineering;QoS management;QoSMOS;health care;optimization;remote medical assistance;service-based systems;software engineering;Analytical models;Markov processes;Optimization;Probabilistic logic;Quality of service;Scattering;Unified modeling language;QoS management;QoS optimization;Service-oriented software engineering;adaptive systems.},
	Month = {May},
	Number = {3},
	Pages = {387-409},
	Title = {Dynamic QoS Management and Optimization in Service-Based Systems},
	Volume = {37},
	Year = {2011},
	Bdsk-Url-1 = {http://dx.doi.org/10.1109/TSE.2010.92}}

@article{Jongtaveesataporn:2010aa,
	Acmid = {1852401},
	Address = {Stevens Point, Wisconsin, USA},
	Author = {Jongtaveesataporn, Aimrudee and Takada, Shingo},
	Date-Added = {2014-07-24 19:42:26 +0000},
	Date-Modified = {2014-07-24 19:42:26 +0000},
	Issn = {1109-2750},
	Issue_Date = {March 2010},
	Journal = {W. Trans. on Comp.},
	Keywords = {ESB, SOA, load balancing, middleware message balancing, web services},
	Month = mar,
	Number = {3},
	Numpages = {10},
	Pages = {299--308},
	Publisher = {World Scientific and Engineering Academy and Society (WSEAS)},
	Title = {Enhancing enterprise service bus capability for load balancing},
	Url = {http://dl.acm.org/citation.cfm?id=1852392.1852401},
	Volume = {9},
	Year = {2010},
	Bdsk-Url-1 = {http://dl.acm.org/citation.cfm?id=1852392.1852401}}

@inproceedings{Ziyaeva:2008aa,
	Author = {Ziyaeva, G. and Eunmi Choi and Dugki Min},
	Booktitle = {Convergence and Hybrid Information Technology, 2008. ICHIT '08. International Conference on},
	Date-Added = {2014-07-24 19:42:15 +0000},
	Date-Modified = {2014-07-24 19:42:15 +0000},
	Doi = {10.1109/ICHIT.2008.267},
	Keywords = {Web services;XML;business data processing;electronic messaging;middleware;software architecture;Web service;XML data transformation;business process;content-based intelligent routing;enterprise messaging system;enterprise service bus;message oriented middleware;message processing;message routing;routing table;service composition;service oriented architecture;service selection;Application software;Computer architecture;Computer science;Information technology;Message-oriented middleware;Protocols;Routing;Service oriented architecture;Web services;XML},
	Month = {Aug},
	Pages = {245-249},
	Title = {Content-Based Intelligent Routing and Message Processing in Enterprise Service Bus},
	Year = {2008},
	Bdsk-Url-1 = {http://dx.doi.org/10.1109/ICHIT.2008.267}}

@inproceedings{Wu:2008aa,
	Author = {Bin Wu and Shijun Liu and Lei Wu},
	Booktitle = {Asia-Pacific Services Computing Conference, 2008. APSCC '08. IEEE},
	Date-Added = {2014-07-24 19:42:07 +0000},
	Date-Modified = {2014-07-24 19:42:07 +0000},
	Doi = {10.1109/APSCC.2008.145},
	Keywords = {routing protocols;dynamic reliable service routing;enterprise service bus;service oriented architecture;Computer science;Conference management;Engines;Routing;Runtime;Service oriented architecture;Simple object access protocol;Software architecture;Technology management;Web services;Dynamic;Enterprise Service Bus;Message Routing;Reliable;Service Oriented Architecture},
	Month = {Dec},
	Pages = {349-354},
	Title = {Dynamic Reliable Service Routing in Enterprise Service Bus},
	Year = {2008},
	Bdsk-Url-1 = {http://dx.doi.org/10.1109/APSCC.2008.145}}

@inproceedings{Bai:2007aa,
	Author = {Xiaoying Bai and Jihui Xie and Bin Chen and Sinan Xiao},
	Booktitle = {e-Business Engineering, 2007. ICEBE 2007. IEEE International Conference on},
	Date-Added = {2014-07-24 19:41:55 +0000},
	Date-Modified = {2014-07-24 19:41:55 +0000},
	Doi = {10.1109/ICEBE.2007.102},
	Keywords = {message passing;software architecture;dynamic reconfigurable ESB service routing;dynamic routing;dynamic service selection;enterprise service bus;message exchange;message routing;service-oriented architecture;Availability;Collaboration;Computer science;Delay;Navigation;Routing protocols;Runtime environment;Service oriented architecture;Testing;Topology},
	Month = {Oct},
	Pages = {528-531},
	Title = {DRESR: Dynamic Routing in Enterprise Service Bus},
	Year = {2007},
	Bdsk-Url-1 = {http://dx.doi.org/10.1109/ICEBE.2007.102}}

@inproceedings{Chang:2007aa,
	Author = {Soo-Ho Chang and Hyun Jung La and Jeong Seop Bae and Won Young Jeon and Soo Dong Kim},
	Booktitle = {e-Business Engineering, 2007. ICEBE 2007. IEEE International Conference on},
	Date-Added = {2014-07-24 19:41:42 +0000},
	Date-Modified = {2014-07-24 19:41:42 +0000},
	Doi = {10.1109/ICEBE.2007.63},
	Keywords = {business data processing;corporate modelling;ESB-based services;SOC platforms;business process modeling languages;dynamic adaptation;dynamic composition handler;enterprise service bus;interface adapter;invocation listener;programming languages;published services;service discoverer;service router;service-oriented computing;Computer languages;Computer science;Context-aware services;Design engineering;Design methodology;Dynamic programming;Feedback;Middleware;Runtime environment;Web services},
	Month = {Oct},
	Pages = {287-294},
	Title = {Design of a Dynamic Composition Handler for ESB-based Services},
	Year = {2007},
	Bdsk-Url-1 = {http://dx.doi.org/10.1109/ICEBE.2007.63}}

@book{Chappell:2004jo,
	Address = {Sebastopol, CA, USA},
	Author = {Chappell,, David},
	Date-Added = {2014-07-24 19:41:31 +0000},
	Date-Modified = {2014-07-24 19:41:31 +0000},
	Isbn = {0596006756},
	Keywords = {Enterprise Service Bus},
	Publisher = {O'Reilly Media, Inc.},
	Title = {{{Enterprise Service Bus}}},
	Year = {2004},
	Bdsk-Url-1 = {http://portal.acm.org/ft_gateway.cfm?id=1237904&type=acm-safari&coll=Portal&dl=GUIDE&CFID=29530553&CFTOKEN=13888393}}

@misc{apachecamel,
	Date-Added = {2014-07-12 15:04:25 +0000},
	Date-Modified = {2014-07-12 17:46:29 +0000},
	Howpublished = {http://camel.apache.org},
	Note = {[retrieved: July 2014]},
	Title = {{{Apache Camel}}},
	Year = {2014}}

@misc{springbatch,
	Date-Added = {2014-07-12 15:04:10 +0000},
	Date-Modified = {2014-07-12 17:46:17 +0000},
	Howpublished = {http://static.springsource.org/spring-batch/},
	Note = {[retrieved: July 2014]},
	Title = {{{Spring Batch}}},
	Year = {2013},
	Bdsk-Url-1 = {http://static.springsource.org/spring-batch/}}

@misc{ptpd,
	Date-Added = {2014-07-12 15:04:04 +0000},
	Date-Modified = {2014-07-12 17:46:02 +0000},
	Howpublished = {http://ptpd.sourceforge.net},
	Note = {[retrieved: July 2014]},
	Title = {{{PTP daemon (PTPd)}}},
	Year = {2013}}

@article{IEEE_PTP,
	Author = {{{IEEE}}},
	Date-Added = {2014-07-12 15:03:55 +0000},
	Date-Modified = {2014-07-12 17:44:17 +0000},
	Doi = {10.1109/IEEESTD.2008.4579760},
	Journal = {IEEE Std 1588-2008 (Revision of IEEE Std 1588-2002)},
	Keywords = {IEEE standards;distributed control;protocols;synchronisation;IEEE standard;distributed objects;heterogeneous systems;local clock computing resources;network communication;networked control systems;networked measurement;packet networks;precision clock synchronization protocol;system-wide synchronization accuracy;boundary clock;clock;distributed system;master clock;measurement and control system;real-time clock;synchronized clock;transparent clock},
	Pages = {c1-269},
	Title = {{{IEEE}} Standard for a Precision Clock Synchronization Protocol for Networked Measurement and Control Systems},
	Year = {2008},
	Bdsk-Url-1 = {http://dx.doi.org/10.1109/IEEESTD.2008.4579760}}

@book{Hohpe:2003fk,
	Address = {Boston, MA, USA},
	Author = {Hohpe,, Gregor and Woolf,, Bobby},
	Date-Added = {2014-07-12 15:02:45 +0000},
	Date-Modified = {2014-07-12 15:02:45 +0000},
	Isbn = {0321200683},
	Keywords = {Messaging},
	Publisher = {Addison-Wesley Longman Publishing Co., Inc.},
	Title = {{{Enterprise Integration Patterns: Designing, Building, and Deploying Messaging Solutions}}},
	Year = {2003},
	Bdsk-Url-1 = {http://portal.acm.org/ft_gateway.cfm?id=940308&type=safari&coll=Portal&dl=GUIDE&CFID=29596847&CFTOKEN=96344308}}

@book{conrad2006enterprise,
	Author = {Conrad, S. and Hasselbring, W. and Koschel, A. and Tritsch, R.},
	Date-Added = {2014-07-12 15:02:35 +0000},
	Date-Modified = {2014-07-12 15:02:35 +0000},
	Publisher = {Elsevier, Spektrum, Akad. Verl.},
	Title = {{{Enterprise Application Integration: Grundlagen, Konzepte, Entwurfsmuster, Praxisbeispiele}}},
	Year = {2006}}
