%% This BibTeX bibliography file was created using BibDesk.
%% http://bibdesk.sourceforge.net/


%% Created for Martin Swientek at 2014-12-25 11:25:31 +0100 


%% Saved with string encoding Unicode (UTF-8) 



@conference{Swientek:2015aa,
	Author = {Martin Swientek and Bernhard Humm and Udo Bleimann and Paul Dowland},
	Booktitle = {Accepted for publication in ADAPTIVE 2015, The Seventh International Conference on Adaptive and Self-Adaptive Systems and Applications},
	Date-Added = {2014-12-25 10:20:51 +0000},
	Date-Modified = {2014-12-25 10:25:28 +0000},
	Title = {{{A Conceptual Framework for Guiding the Development of Feedback-Controlled Bulk Data Processing Systems}}},
	Year = {2015}}

@inproceedings{Swientek:2014aa,
	Address = {Venice, Italy},
	Author = {Martin Swientek and Bernhard Humm and Udo Bleimann and Paul Dowland},
	Booktitle = {ADAPTIVE 2014, The Sixth International Conference on Adaptive and Self-Adaptive Systems and Applications},
	Date-Added = {2014-07-12 13:31:02 +0000},
	Date-Modified = {2014-07-12 13:39:18 +0000},
	Isbn = {978-1-61208-341-4},
	Keywords = {adaptive middleware; message aggregation; latency; throughput},
	Month = {May},
	Pages = {37 to 41},
	Title = {{{An Adaptive Middleware for Near-Time Processing of Bulk Data}}},
	Year = {2014}}

@inproceedings{Swientek:2008ys,
	Address = {Plymouth, UK},
	Author = {Martin Swientek and Udo Bleimann and Paul Dowland},
	Booktitle = {Proceedings of the Seventh International Network Conference (INC2008)},
	Date-Added = {2009-12-30 21:57:16 +0100},
	Date-Modified = {2010-01-25 22:55:54 +0100},
	Editor = {Paul Dowland and Steven Furnell},
	Isbn = {978-1-84102-188-1},
	Month = {July},
	Pages = {261-269},
	Publisher = {University of Plymouth},
	Title = {{{Service-Oriented Architecture: Performance Issues and Approaches}}},
	Year = {2008}}

@inproceedings{Swientek:2008vn,
	Address = {Plymouth, UK},
	Author = {Martin Swientek and Bernhard Humm and Udo Bleimann and Paul Dowland},
	Booktitle = {Proceedings of the Fifth Collaborative Research Symposium on Security, E-learning, Internet and Networking (SEIN 2009)},
	Date-Added = {2009-12-30 21:45:33 +0100},
	Date-Modified = {2010-03-02 22:05:04 +0100},
	Editor = {Udo Bleimann and Paul Dowland and Steven Furnell and Vic Grout},
	Isbn = {978-1-84102-236-9},
	Publisher = {University of Plymouth},
	Title = {{{An SOA Middleware for High-Performance Communication}}},
	Year = {2009}}
